2964 4988
435 400 481 454 DE
501 399 651 454 HUMANA
672 396 863 463 DIVINAQUE
883 390 1076 453 macerata
1296 396 1330 448 39

184 548 289 616 homo
310 550 456 640 quisque
481 551 600 618 Monas
622 551 668 617 sit
692 548 914 639 perceptione
935 512 969 615 61
991 547 1146 638 appetitu
1169 545 1324 636 praedita,

183 662 327 755 ejusque
341 667 542 756 perceptio«
557 665 757 733 intellectus
774 691 790 727 »
803 669 906 755 atque
919 664 1092 754 appetitus
1104 692 1119 726 «
1130 663 1292 732 voluntas
1309 689 1324 723 n

181 779 248 847 dici
264 780 399 867 debeat,
411 778 578 873 quidquid
596 783 633 848 in
648 778 830 849 intellectu
842 779 995 847 hominis
1011 777 1194 870 cujusdam
1209 800 1325 848 versa-

182 899 239 963 tur
255 919 297 964 ex
313 897 388 988 ejus
407 897 532 964 intima
549 897 584 965 vi
600 903 792 987 spontanea
809 901 949 964 emanat
961 894 1069 986 (unde
1085 895 1180 962 enim
1200 885 1269 960 nisi
1285 917 1327 962 ex

180 1013 256 1102 ipsa
271 1008 428 1082 Monadis
443 1011 624 1102 cujusdam
640 1017 803 1103 percepta
816 1011 1040 1101 orirenturt).
1050 1010 1229 1099 Quidquid
1244 1032 1326 1078 vero

182 1127 362 1197 voluntate
391 1130 467 1219 ejus
491 1126 540 1214 fit,
564 1133 598 1197 61
624 1129 667 1195 iis
691 1127 795 1196 rebus
819 1149 905 1218 quas
934 1127 1081 1217 percipit
1110 1132 1144 1194 et
1168 1126 1329 1216 praesenti

182 1244 356 1333 appetitus
372 1243 448 1334 ejus
464 1248 555 1313 statu
571 1242 710 1335 pendet.
734 1242 823 1311 Sunt
839 1243 934 1312 enim
948 1249 1111 1334 percepta
1129 1240 1328 1311 occasiones

181 1359 305 1449 agendi
335 1381 413 1451 quae
437 1361 629 1452 appetitum
653 1360 855 1429 inclinant:
883 1359 1058 1450 appetitus
1078 1363 1195 1427 autam
1219 1357 1330 1427 nostri

182 1498 334 1567 praesens
357 1482 467 1544 status
491 1499 573 1545 vera
594 1476 720 1566 agendi
745 1499 860 1554 causa.
881 1472 967 1556 Quae
988 1498 1067 1543 cum
1087 1474 1136 1542 ita
1151 1474 1233 1559 sint,
1251 1474 1328 1565 quis

181 1592 323 1659 demum
361 1591 495 1660 dubitet
532 1594 617 1683 quin
656 1593 801 1660 omnino
840 1601 1032 1680 spontanea
1064 1592 1132 1657 sint
1164 1590 1327 1658 humana
1398 1568 1401 1574 ⁵

180 1706 317 1775 decreta
334 1707 553 1776 voluntatis?
575 1707 662 1775 Cum
683 1708 778 1775 enim
801 1711 924 1798 sponte
950 1728 1012 1774 sua
1027 1729 1084 1774 res
1099 1705 1205 1774 homo
1221 1706 1327 1795 perci·

180 1825 263 1914 piat,
280 1824 522 1915 perceptisque
542 1823 646 1892 rebus
661 1822 814 1891 hominis
829 1822 1006 1908 voluntas,
1026 1822 1109 1890 dum
1123 1824 1207 1912 agit,
1224 1821 1327 1889 incli-

177 1944 292 2024 netur,
306 1962 376 2007 non
390 1946 545 2030 cogatur,
558 1938 746 2007 admodum
764 1944 887 2030 sponte
901 1961 964 2007 sua
979 1938 1099 2005 omnia
1115 1939 1204 2007 facta
1219 1936 1325 2005 homo

177 2055 270 2124 tacit.
1207 2034 1211 2040 ¹

221 2171 342 2262 Itaque
357 2171 484 2241 divinae
504 2171 661 2240 humana
675 2171 839 2239 voluntas
854 2171 1099 2261 persimillima
1108 2176 1171 2255 est,
1185 2170 1324 2260 quando

177 2292 300 2377 sponte
329 2287 529 2356 intellectus
556 2287 693 2355 homini
721 2287 875 2355 rationes
895 2287 996 2354 offert
1021 2309 1085 2356 cur
1112 2291 1200 2378 agat,
1221 2290 1322 2376 atque

176 2407 299 2492 sponte
321 2403 496 2488 voluntas,
518 2403 573 2470 his
593 2402 697 2470 rebus
717 2403 905 2493 conceptis,
924 2425 960 2470 se
983 2399 1026 2470 ad
1046 2401 1219 2494 agendum
1242 2401 1320 2470 fert.

173 2516 279 2608 Ergo,
296 2523 336 2585 ut
351 2516 482 2604 divina,
500 2518 550 2587 sic
565 2540 706 2609 prorsus
718 2522 910 2607 spontanea
929 2516 1084 2586 humana
1099 2518 1275 2587 voluntas.

119 2792 122 2799 ·
217 2744 287 2817 Nec
309 2749 428 2816 minus
454 2747 694 2839 contingentia
714 2746 850 2817 decreta
873 2746 1037 2816 humanae
1064 2755 1169 2838 quam
1194 2746 1321 2816 divinae

172 2864 361 2932 voluntatis
373 2862 605 2933 existimanda
620 2886 696 2933 esse
709 2862 882 2934 videntur.

215 2976 309 3048 lllud
330 2980 425 3048 enim
446 2981 654 3070 contingens
675 2978 862 3048 dicendum
883 2986 934 3050 est
956 3009 972 3044 «
989 2978 1091 3071 cujus
1106 2977 1318 3049 contrarium

170 3113 242 3166 non
263 3091 420 3187 implicat
439 3094 751 3164 contradictionem
772 3125 802 3164 o.
820 3094 919 3166 Patet
938 3099 1069 3182 autem,
1086 3097 1116 3163 si
1136 3117 1199 3186 ego
1217 3095 1320 3163 aliter

172 3214 321 3305 egissem
341 3216 445 3302 atque
465 3233 586 3280 revera
606 3212 672 3302 egi,
694 3230 766 3279 non
787 3210 969 3303 implicare
991 3208 1316 3292 contradictionem,

172 3326 456 3420 quandoquidem
479 3325 657 3396 decretum
677 3349 794 3395 meum
816 3327 960 3419 physice
975 3325 1232 3411 tantummodo,
1256 3348 1317 3394 seu

169 3442 393 3536 hypothetice
422 3443 661 3511 necessarium
686 3446 749 3511 est.
770 3443 930 3533 Namque
961 3441 1056 3510 haud
1085 3441 1317 3510 dubitandum

169 3567 223 3630 est
244 3561 344 3651 quin,
364 3557 495 3628 mundo
520 3558 582 3627 ilto
608 3564 723 3628 creato
745 3560 805 3649 qui
823 3559 972 3644 exsistit,
991 3558 1086 3626 aliud
1114 3558 1227 3626 facere
1246 3580 1317 3626 non

170 3675 301 3763 possim
317 3697 423 3766 quam
439 3674 533 3766 quod
549 3675 651 3742 facio.
669 3673 757 3742 Nam
781 3682 813 3743 61
834 3672 929 3743 ideas
950 3674 1035 3743 tal‘es
1055 3688 1111 3742 me
1133 3674 1315 3764 concipere

167 3791 290 3883 quales
305 3789 394 3890 mihi
408 3790 444 3858 in
461 3793 615 3859 mentem
630 3791 777 3860 veniunt
788 3797 822 3859 et
836 3782 911 3858 iltis
922 3813 977 3858 me
993 3790 1157 3858 inclinari
1172 3812 1314 3858 necesse

166 3914 252 3993 6111,
281 3913 320 3974 ut
343 3907 548 3975 universum
583 3904 684 3992 illud,
720 3906 814 3998 quod
843 3912 906 3992 est,
943 3907 1096 3974 exsistat.
1125 3905 1193 3973 Sed
1226 3903 1314 3972 illud

126 4104 130 4110 .
168 4025 331 4092 exsistere
360 4021 633 4113 haudquaquam
662 4023 900 4091 necessarium
928 4027 1010 4089 erat.
1042 4021 1195 4105 Etenim,
1232 4042 1312 4088 cum

165 4138 348 4230 permultae
372 4137 593 4228 possibilium
617 4139 862 4206 universorum
888 4137 973 4205 ideae
997 4137 1033 4203 in
1062 4137 1179 4204 divino
1207 4136 1313 4204 intel-

164 4255 258 4324 lectu
282 4259 479 4336 versentur,
501 4276 565 4322 nec
589 4277 629 4321 ea
651 4256 817 4323 universa
845 4253 964 4321 minus
984 4275 1090 4343 quem
1114 4252 1175 4319 ille
1195 4259 1314 4320 noster

165 4370 320 4439 mundus
335 4368 513 4459 possibilia
530 4369 612 4453 sint,
629 4369 847 4437 nullomodo
863 4365 1090 4438 contradictio
1102 4368 1311 4459 implicetur,
