<?xml version="1.0" encoding="UTF-8"?>
<!DOCTYPE html PUBLIC "-//W3C//DTD XHTML 1.0 Transitional//EN"
    "http://www.w3.org/TR/xhtml1/DTD/xhtml1-transitional.dtd">
<html xmlns="http://www.w3.org/1999/xhtml" xml:lang="en" lang="en">
 <head>
  <title>
</title>
<meta http-equiv="Content-Type" content="text/html;charset=utf-8" />
  <meta name='ocr-system' content='tesseract 3.04.00' />
  <meta name='ocr-capabilities' content='ocr_page ocr_carea ocr_par ocr_line ocrx_word'/>
</head>
<body>
  <div class='ocr_page' id='page_1' title='image "./delibertateapud00cresgoog_0019.png"; bbox 0 0 2964 4988; ppageno 0'>
   <div class='ocr_carea' id='block_1_1' title="bbox 166 355 1080 424">
    <p class='ocr_par' dir='ltr' id='par_1_1' title="bbox 166 355 1080 424">
     <span class='ocr_line' id='line_1_1' title="bbox 166 355 1080 424; baseline 0.005 -8"><span class='ocrx_word' id='word_1_1' title='bbox 166 365 182 416; x_wconf 84' lang='lat' dir='ltr'>a</span> <span class='ocrx_word' id='word_1_2' title='bbox 432 369 478 423; x_wconf 84' lang='lat' dir='ltr'>uu</span> <span class='ocrx_word' id='word_1_3' title='bbox 503 368 694 424; x_wconf 66' lang='lat' dir='ltr'>preparare</span> <span class='ocrx_word' id='word_1_4' title='bbox 719 369 811 424; x_wconf 77' lang='lat' dir='ltr'>aruo</span> <span class='ocrx_word' id='word_1_5' title='bbox 837 368 1039 422; x_wconf 80' lang='lat' dir='ltr'>Luraruuuu</span> <span class='ocrx_word' id='word_1_6' title='bbox 1078 355 1080 360; x_wconf 81' lang='grc'>’</span> 
     </span>
    </p>
   </div>
   <div class='ocr_carea' id='block_1_2' title="bbox 164 515 1363 1767">
    <p class='ocr_par' dir='ltr' id='par_1_2' title="bbox 164 515 1363 1767">
     <span class='ocr_line' id='line_1_2' title="bbox 209 515 1308 610; baseline -0.001 -28"><span class='ocrx_word' id='word_1_7' title='bbox 209 517 280 584; x_wconf 88' lang='lat' dir='ltr'>Nec</span> <span class='ocrx_word' id='word_1_8' title='bbox 298 517 427 586; x_wconf 88' lang='lat' dir='ltr'>melius</span> <span class='ocrx_word' id='word_1_9' title='bbox 444 525 692 610; x_wconf 75' lang='lat' dir='ltr'><strong>argumentum</strong></span> <span class='ocrx_word' id='word_1_10' title='bbox 706 518 890 608; x_wconf 86' lang='lat' dir='ltr'>protulisse</span> <span class='ocrx_word' id='word_1_11' title='bbox 906 517 1102 586; x_wconf 89' lang='lat' dir='ltr'>Leibnitius</span> <span class='ocrx_word' id='word_1_12' title='bbox 1113 515 1308 584; x_wconf 83' lang='lat' dir='ltr'>Cartesium</span> 
     </span>
     <span class='ocr_line' id='line_1_3' title="bbox 166 633 1321 732; baseline -0.004 -34"><span class='ocrx_word' id='word_1_13' title='bbox 166 637 277 722; x_wconf 91' lang='lat' dir='ltr'>putat,</span> <span class='ocrx_word' id='word_1_14' title='bbox 300 656 381 701; x_wconf 92' lang='lat' dir='ltr'>cum</span> <span class='ocrx_word' id='word_1_15' title='bbox 405 635 543 702; x_wconf 90' lang='lat' dir='ltr'>finitum</span> <span class='ocrx_word' id='word_1_16' title='bbox 563 634 779 732; x_wconf 88' lang='lat' dir='ltr'>intellectum</span> <span class='ocrx_word' id='word_1_17' title='bbox 802 633 1010 717; x_wconf 88' lang='lat' dir='ltr'>humanum,</span> <span class='ocrx_word' id='word_1_18' title='bbox 1032 633 1207 700; x_wconf 86' lang='lat' dir='ltr'>infinitam</span> <span class='ocrx_word' id='word_1_19' title='bbox 1227 650 1321 698; x_wconf 89' lang='lat' dir='ltr'>vero.</span> 
     </span>
     <span class='ocr_line' id='line_1_4' title="bbox 164 746 1310 840; baseline -0.003 -23"><span class='ocrx_word' id='word_1_20' title='bbox 164 749 397 832; x_wconf 90' lang='lat' dir='ltr'>voluntatem,</span> <span class='ocrx_word' id='word_1_21' title='bbox 419 751 566 840; x_wconf 87' lang='lat' dir='ltr'>ideoque</span> <span class='ocrx_word' id='word_1_22' title='bbox 597 750 639 818; x_wconf 89' lang='lat' dir='ltr'>ab</span> <span class='ocrx_word' id='word_1_23' title='bbox 669 751 850 818; x_wconf 88' lang='lat' dir='ltr'>intellectu</span> <span class='ocrx_word' id='word_1_24' title='bbox 874 752 1018 818; x_wconf 91' lang='lat' dir='ltr'>omnino</span> <span class='ocrx_word' id='word_1_25' title='bbox 1043 750 1194 817; x_wconf 89' lang='lat' dir='ltr'>solutam</span> <span class='ocrx_word' id='word_1_26' title='bbox 1222 746 1310 815; x_wconf 88' lang='lat' dir='ltr'>libe-</span> 
     </span>
     <span class='ocr_line' id='line_1_5' title="bbox 165 863 1310 956; baseline -0.001 -25"><span class='ocrx_word' id='word_1_27' title='bbox 165 887 311 954; x_wconf 92' lang='lat' dir='ltr'>ramque</span> <span class='ocrx_word' id='word_1_28' title='bbox 327 889 403 934; x_wconf 87' lang='lat' dir='ltr'>esse</span> <span class='ocrx_word' id='word_1_29' title='bbox 423 866 661 934; x_wconf 81' lang='lat' dir='ltr'>declaraverit.</span> <span class='ocrx_word' id='word_1_30' title='bbox 682 894 697 928; x_wconf 94' lang='lat'>«</span> <span class='ocrx_word' id='word_1_31' title='bbox 714 867 758 933; x_wconf 86' lang='lat' dir='ltr'>Et</span> <span class='ocrx_word' id='word_1_32' title='bbox 777 865 870 956; x_wconf 92' lang='lat' dir='ltr'>quod</span> <span class='ocrx_word' id='word_1_33' title='bbox 883 866 1023 948; x_wconf 91' lang='lat' dir='ltr'>dicitur,</span> <span class='ocrx_word' id='word_1_34' title='bbox 1039 865 1165 956; x_wconf 89' lang='lat' dir='ltr'>inquit,</span> <span class='ocrx_word' id='word_1_35' title='bbox 1185 863 1310 933; x_wconf 87' lang='lat' dir='ltr'>volun·</span> 
     </span>
     <span class='ocr_line' id='line_1_6' title="bbox 167 981 1308 1072; baseline 0.004 -29"><span class='ocrx_word' id='word_1_36' title='bbox 167 1009 183 1043; x_wconf 75' lang='lat' dir='ltr'>a</span> <span class='ocrx_word' id='word_1_37' title='bbox 209 986 317 1049; x_wconf 90' lang='lat' dir='ltr'>tatem</span> <span class='ocrx_word' id='word_1_38' title='bbox 329 1005 403 1050; x_wconf 88' lang='lat' dir='ltr'>esse</span> <span class='ocrx_word' id='word_1_39' title='bbox 421 982 579 1050; x_wconf 89' lang='lat' dir='ltr'>latiorem</span> <span class='ocrx_word' id='word_1_40' title='bbox 594 981 788 1066; x_wconf 88' lang='lat' dir='ltr'>intellectu,</span> <span class='ocrx_word' id='word_1_41' title='bbox 806 989 970 1072; x_wconf 86' lang='lat' dir='ltr'>argutum</span> <span class='ocrx_word' id='word_1_42' title='bbox 986 989 1049 1062; x_wconf 88' lang='lat' dir='ltr'>est,</span> <span class='ocrx_word' id='word_1_43' title='bbox 1071 981 1185 1072; x_wconf 85' lang='lat' dir='ltr'>magis</span> <span class='ocrx_word' id='word_1_44' title='bbox 1203 1001 1308 1070; x_wconf 90' lang='lat' dir='ltr'>quam</span> 
     </span>
     <span class='ocr_line' id='line_1_7' title="bbox 166 1096 1363 1188; baseline -0.004 -21"><span class='ocrx_word' id='word_1_45' title='bbox 166 1125 181 1159; x_wconf 89' lang='lat'>«</span> <span class='ocrx_word' id='word_1_46' title='bbox 207 1120 330 1167; x_wconf 88' lang='lat' dir='ltr'>verum</span> <span class='ocrx_word' id='word_1_47' title='bbox 344 1119 351 1164; x_wconf 91' lang='lat'>:</span> <span class='ocrx_word' id='word_1_48' title='bbox 364 1097 471 1167; x_wconf 87' lang='lat' dir='ltr'>verbo</span> <span class='ocrx_word' id='word_1_49' title='bbox 482 1097 609 1181; x_wconf 89' lang='lat' dir='ltr'>dicam,</span> <span class='ocrx_word' id='word_1_50' title='bbox 625 1098 667 1165; x_wconf 89' lang='lat' dir='ltr'>ad</span> <span class='ocrx_word' id='word_1_51' title='bbox 680 1096 849 1188; x_wconf 90' lang='lat' dir='ltr'>populum</span> <span class='ocrx_word' id='word_1_52' title='bbox 860 1097 1022 1188; x_wconf 84' lang='lat' dir='ltr'>phalerae.</span> <span class='ocrx_word' id='word_1_53' title='bbox 1038 1097 1133 1165; x_wconf 92' lang='lat' dir='ltr'>Nihil</span> <span class='ocrx_word' id='word_1_54' title='bbox 1144 1097 1309 1165; x_wconf 87' lang='lat' dir='ltr'>volumus</span> <span class='ocrx_word' id='word_1_55' title='bbox 1335 1117 1338 1124; x_wconf 85' lang='grc'><strong>’</strong></span> <span class='ocrx_word' id='word_1_56' title='bbox 1361 1145 1363 1149; x_wconf 28' lang='grc' dir='ltr'>ψ</span> 
     </span>
     <span class='ocr_line' id='line_1_8' title="bbox 168 1212 1307 1303; baseline 0.004 -29"><span class='ocrx_word' id='word_1_57' title='bbox 168 1240 183 1275; x_wconf 83' lang='grc'>«</span> <span class='ocrx_word' id='word_1_58' title='bbox 209 1213 295 1303; x_wconf 93' lang='lat' dir='ltr'>quin</span> <span class='ocrx_word' id='word_1_59' title='bbox 328 1213 523 1282; x_wconf 89' lang='lat' dir='ltr'>intellectui</span> <span class='ocrx_word' id='word_1_60' title='bbox 543 1212 784 1290; x_wconf 64' lang='lat' dir='ltr'>obversatum.</span> <span class='ocrx_word' id='word_1_61' title='bbox 815 1243 831 1278; x_wconf 84' lang='lat'>›&gt;</span> <span class='ocrx_word' id='word_1_62' title='bbox 871 1214 942 1281; x_wconf 89' lang='lat' dir='ltr'>Nec</span> <span class='ocrx_word' id='word_1_63' title='bbox 964 1236 1060 1281; x_wconf 86' lang='lat' dir='ltr'>sane</span> <span class='ocrx_word' id='word_1_64' title='bbox 1097 1212 1307 1292; x_wconf 86' lang='lat' dir='ltr'>Leibnitius,</span> 
     </span>
     <span class='ocr_line' id='line_1_9' title="bbox 167 1317 1310 1420; baseline 0.001 -25"><span class='ocrx_word' id='word_1_65' title='bbox 167 1317 424 1419; x_wconf 87' lang='lat' dir='ltr'>sicutSpinoza,</span> <span class='ocrx_word' id='word_1_66' title='bbox 439 1329 658 1398; x_wconf 83' lang='lat' dir='ltr'>intellectum</span> <span class='ocrx_word' id='word_1_67' title='bbox 669 1352 749 1398; x_wconf 90' lang='lat' dir='ltr'>cum</span> <span class='ocrx_word' id='word_1_68' title='bbox 758 1328 951 1414; x_wconf 88' lang='lat' dir='ltr'>voluntate,</span> <span class='ocrx_word' id='word_1_69' title='bbox 962 1329 1221 1420; x_wconf 86' lang='lat' dir='ltr'>perceptionem</span> <span class='ocrx_word' id='word_1_70' title='bbox 1229 1351 1310 1396; x_wconf 87' lang='lat' dir='ltr'>cum</span> 
     </span>
     <span class='ocr_line' id='line_1_10' title="bbox 167 1444 1311 1534; baseline 0.003 -24"><span class='ocrx_word' id='word_1_71' title='bbox 167 1446 322 1534; x_wconf 88' lang='lat' dir='ltr'>appetitu</span> <span class='ocrx_word' id='word_1_72' title='bbox 335 1446 531 1513; x_wconf 84' lang='lat' dir='ltr'>confundit.</span> <span class='ocrx_word' id='word_1_73' title='bbox 543 1445 610 1513; x_wconf 87' lang='lat' dir='ltr'>Sed</span> <span class='ocrx_word' id='word_1_74' title='bbox 619 1446 835 1513; x_wconf 88' lang='lat' dir='ltr'>voluntatem</span> <span class='ocrx_word' id='word_1_75' title='bbox 852 1446 927 1513; x_wconf 92' lang='lat' dir='ltr'>sine</span> <span class='ocrx_word' id='word_1_76' title='bbox 941 1446 1123 1514; x_wconf 87' lang='lat' dir='ltr'>intellectu</span> <span class='ocrx_word' id='word_1_77' title='bbox 1138 1444 1311 1513; x_wconf 89' lang='lat' dir='ltr'>abstracto</span> 
     </span>
     <span class='ocr_line' id='line_1_11' title="bbox 166 1560 1310 1653; baseline 0.001 -26"><span class='ocrx_word' id='word_1_78' title='bbox 166 1560 282 1628; x_wconf 93' lang='lat' dir='ltr'>solum</span> <span class='ocrx_word' id='word_1_79' title='bbox 310 1583 415 1629; x_wconf 89' lang='lat' dir='ltr'>sensu</span> <span class='ocrx_word' id='word_1_80' title='bbox 444 1584 542 1629; x_wconf 90' lang='lat' dir='ltr'>mens</span> <span class='ocrx_word' id='word_1_81' title='bbox 566 1560 722 1630; x_wconf 91' lang='lat' dir='ltr'>bumana</span> <span class='ocrx_word' id='word_1_82' title='bbox 752 1562 934 1653; x_wconf 82' lang='lat' dir='ltr'>concipere</span> <span class='ocrx_word' id='word_1_83' title='bbox 963 1567 1087 1652; x_wconf 89' lang='lat' dir='ltr'>potest.</span> <span class='ocrx_word' id='word_1_84' title='bbox 1118 1561 1210 1651; x_wconf 85' lang='lat' dir='ltr'>Ergo</span> <span class='ocrx_word' id='word_1_85' title='bbox 1239 1583 1310 1628; x_wconf 91' lang='lat' dir='ltr'>non</span> 
     </span>
     <span class='ocr_line' id='line_1_12' title="bbox 165 1676 910 1767; baseline 0.001 -23"><span class='ocrx_word' id='word_1_86' title='bbox 165 1677 281 1745; x_wconf 87' lang='lat' dir='ltr'>valere</span> <span class='ocrx_word' id='word_1_87' title='bbox 297 1676 442 1746; x_wconf 89' lang='lat' dir='ltr'>Cartesii</span> <span class='ocrx_word' id='word_1_88' title='bbox 459 1683 707 1767; x_wconf 83' lang='lat' dir='ltr'>argumentum</span> <span class='ocrx_word' id='word_1_89' title='bbox 723 1677 910 1746; x_wconf 85' lang='lat' dir='ltr'>concludit.</span> 
     </span>
    </p>
   </div>
   <div class='ocr_carea' id='block_1_3' title="bbox 165 1907 1314 2232">
    <p class='ocr_par' dir='ltr' id='par_1_3' title="bbox 165 1907 1314 2232">
     <span class='ocr_line' id='line_1_13' title="bbox 214 1907 1311 2001; baseline -0.002 -24"><span class='ocrx_word' id='word_1_90' title='bbox 214 1909 392 1993; x_wconf 84' lang='lat' dir='ltr'>Ceterum,</span> <span class='ocrx_word' id='word_1_91' title='bbox 415 1932 488 1977; x_wconf 92' lang='lat' dir='ltr'>non</span> <span class='ocrx_word' id='word_1_92' title='bbox 509 1911 621 2001; x_wconf 82' lang='lat' dir='ltr'>magis</span> <span class='ocrx_word' id='word_1_93' title='bbox 645 1909 689 1978; x_wconf 91' lang='lat' dir='ltr'>ad</span> <span class='ocrx_word' id='word_1_94' title='bbox 707 1910 858 1978; x_wconf 88' lang='lat' dir='ltr'>liberum</span> <span class='ocrx_word' id='word_1_95' title='bbox 883 1909 1067 1979; x_wconf 83' lang='lat' dir='ltr'>arbitrium</span> <span class='ocrx_word' id='word_1_96' title='bbox 1094 1907 1311 1999; x_wconf 92' lang='lat' dir='ltr'>probandum</span> 
     </span>
     <span class='ocr_line' id='line_1_14' title="bbox 168 2024 1314 2116; baseline -0.002 -24"><span class='ocrx_word' id='word_1_97' title='bbox 168 2026 269 2092; x_wconf 89' lang='lat' dir='ltr'>firma</span> <span class='ocrx_word' id='word_1_98' title='bbox 288 2048 366 2116; x_wconf 86' lang='lat' dir='ltr'>quae</span> <span class='ocrx_word' id='word_1_99' title='bbox 387 2034 596 2116; x_wconf 83' lang='lat' dir='ltr'>argumenta</span> <span class='ocrx_word' id='word_1_100' title='bbox 611 2025 785 2094; x_wconf 85' lang='lat' dir='ltr'>Cartesius</span> <span class='ocrx_word' id='word_1_101' title='bbox 801 2026 1003 2116; x_wconf 75' lang='lat' dir='ltr'>neglexerit,</span> <span class='ocrx_word' id='word_1_102' title='bbox 1022 2025 1082 2092; x_wconf 91' lang='lat' dir='ltr'>alii</span> <span class='ocrx_word' id='word_1_103' title='bbox 1102 2030 1218 2095; x_wconf 87' lang='lat' dir='ltr'>autem</span> <span class='ocrx_word' id='word_1_104' title='bbox 1238 2024 1314 2114; x_wconf 92' lang='lat' dir='ltr'>phi-</span> 
     </span>
     <span class='ocr_line' id='line_1_15' title="bbox 165 2140 1066 2232; baseline 0 -24"><span class='ocrx_word' id='word_1_105' title='bbox 165 2140 302 2231; x_wconf 90' lang='lat' dir='ltr'>losophi</span> <span class='ocrx_word' id='word_1_106' title='bbox 315 2142 560 2232; x_wconf 86' lang='lat' dir='ltr'>proposuerint</span> <span class='ocrx_word' id='word_1_107' title='bbox 573 2141 769 2209; x_wconf 89' lang='lat' dir='ltr'>Leibnitius</span> <span class='ocrx_word' id='word_1_108' title='bbox 781 2164 855 2209; x_wconf 88' lang='lat' dir='ltr'>esse</span> <span class='ocrx_word' id='word_1_109' title='bbox 868 2140 1066 2209; x_wconf 88' lang='lat' dir='ltr'>arbitratur.</span> 
     </span>
    </p>
   </div>
   <div class='ocr_carea' id='block_1_4' title="bbox 168 2374 1396 4207">
    <p class='ocr_par' dir='ltr' id='par_1_4' title="bbox 168 2374 1396 4207">
     <span class='ocr_line' id='line_1_16' title="bbox 212 2374 1313 2445; baseline 0.002 -3"><span class='ocrx_word' id='word_1_110' title='bbox 212 2375 282 2443; x_wconf 91' lang='lat' dir='ltr'>Nos</span> <span class='ocrx_word' id='word_1_111' title='bbox 302 2374 479 2443; x_wconf 89' lang='lat' dir='ltr'>interdum</span> <span class='ocrx_word' id='word_1_112' title='bbox 496 2374 662 2443; x_wconf 88' lang='lat' dir='ltr'>facillime</span> <span class='ocrx_word' id='word_1_113' title='bbox 678 2374 829 2443; x_wconf 92' lang='lat' dir='ltr'>liberum</span> <span class='ocrx_word' id='word_1_114' title='bbox 850 2375 1035 2442; x_wconf 91' lang='lat' dir='ltr'>arbitrium</span> <span class='ocrx_word' id='word_1_115' title='bbox 1051 2380 1210 2443; x_wconf 90' lang='lat' dir='ltr'>nostrum</span> <span class='ocrx_word' id='word_1_116' title='bbox 1227 2376 1264 2443; x_wconf 94' lang='lat' dir='ltr'>in</span> <span class='ocrx_word' id='word_1_117' title='bbox 1277 2400 1313 2445; x_wconf 89' lang='lat' dir='ltr'>re</span> 
     </span>
     <span class='ocr_line' id='line_1_17' title="bbox 168 2491 1317 2582; baseline -0.001 -22"><span class='ocrx_word' id='word_1_118' title='bbox 168 2493 335 2560; x_wconf 83' lang='lat' dir='ltr'>exsistere</span> <span class='ocrx_word' id='word_1_119' title='bbox 360 2492 510 2582; x_wconf 83' lang='lat' dir='ltr'>experiri</span> <span class='ocrx_word' id='word_1_120' title='bbox 529 2514 630 2581; x_wconf 87' lang='lat' dir='ltr'>posse</span> <span class='ocrx_word' id='word_1_121' title='bbox 649 2491 790 2582; x_wconf 89' lang='lat' dir='ltr'>quidam</span> <span class='ocrx_word' id='word_1_122' title='bbox 812 2491 1000 2559; x_wconf 86' lang='lat' dir='ltr'>affirmant.</span> <span class='ocrx_word' id='word_1_123' title='bbox 1024 2491 1060 2558; x_wconf 93' lang='lat' dir='ltr'>ld</span> <span class='ocrx_word' id='word_1_124' title='bbox 1081 2492 1177 2558; x_wconf 88' lang='lat' dir='ltr'>enim</span> <span class='ocrx_word' id='word_1_125' title='bbox 1199 2494 1317 2561; x_wconf 90' lang='lat' dir='ltr'>evenit</span> 
     </span>
     <span class='ocr_line' id='line_1_18' title="bbox 168 2607 1316 2698; baseline -0.003 -21"><span class='ocrx_word' id='word_1_126' title='bbox 168 2614 220 2693; x_wconf 93' lang='lat' dir='ltr'>ut,</span> <span class='ocrx_word' id='word_1_127' title='bbox 234 2631 316 2676; x_wconf 87' lang='lat' dir='ltr'>cum</span> <span class='ocrx_word' id='word_1_128' title='bbox 336 2630 437 2698; x_wconf 90' lang='lat' dir='ltr'>pares</span> <span class='ocrx_word' id='word_1_129' title='bbox 452 2607 522 2675; x_wconf 91' lang='lat' dir='ltr'>sint</span> <span class='ocrx_word' id='word_1_130' title='bbox 539 2608 575 2675; x_wconf 95' lang='lat' dir='ltr'>in</span> <span class='ocrx_word' id='word_1_131' title='bbox 591 2607 747 2676; x_wconf 92' lang='lat' dir='ltr'>diversos</span> <span class='ocrx_word' id='word_1_132' title='bbox 763 2631 886 2675; x_wconf 91' lang='lat' dir='ltr'>sensus</span> <span class='ocrx_word' id='word_1_133' title='bbox 901 2609 1064 2688; x_wconf 78' lang='lat' dir='ltr'>rationeS,</span> <span class='ocrx_word' id='word_1_134' title='bbox 1082 2609 1126 2676; x_wconf 93' lang='lat' dir='ltr'>ad</span> <span class='ocrx_word' id='word_1_135' title='bbox 1140 2607 1316 2697; x_wconf 82' lang='lat' dir='ltr'>agendum</span> 
     </span>
     <span class='ocr_line' id='line_1_19' title="bbox 169 2711 1396 2814; baseline -0.002 -21"><span class='ocrx_word' id='word_1_136' title='bbox 169 2732 288 2793; x_wconf 89' lang='lat' dir='ltr'>tamen</span> <span class='ocrx_word' id='word_1_137' title='bbox 302 2731 440 2792; x_wconf 88' lang='lat' dir='ltr'>nosmet</span> <span class='ocrx_word' id='word_1_138' title='bbox 454 2725 619 2792; x_wconf 87' lang='lat' dir='ltr'>feramus.</span> <span class='ocrx_word' id='word_1_139' title='bbox 636 2725 721 2807; x_wconf 82' lang='lat' dir='ltr'>Quae</span> <span class='ocrx_word' id='word_1_140' title='bbox 742 2746 797 2792; x_wconf 89' lang='lat' dir='ltr'>res</span> <span class='ocrx_word' id='word_1_141' title='bbox 812 2746 994 2813; x_wconf 89' lang='lat' dir='ltr'>nunquam</span> <span class='ocrx_word' id='word_1_142' title='bbox 1010 2723 1085 2790; x_wconf 89' lang='lat' dir='ltr'>fieri</span> <span class='ocrx_word' id='word_1_143' title='bbox 1100 2731 1229 2814; x_wconf 88' lang='lat' dir='ltr'>posset,</span> <span class='ocrx_word' id='word_1_144' title='bbox 1246 2726 1315 2790; x_wconf 89' lang='lat' dir='ltr'>nisi</span> <span class='ocrx_word' id='word_1_145' title='bbox 1394 2711 1396 2720; x_wconf 50' lang='lat'><strong>¹</strong></span> 
     </span>
     <span class='ocr_line' id='line_1_20' title="bbox 171 2838 1316 2931; baseline -0.002 -22"><span class='ocrx_word' id='word_1_146' title='bbox 171 2841 328 2931; x_wconf 90' lang='lat' dir='ltr'>potentia</span> <span class='ocrx_word' id='word_1_147' title='bbox 342 2839 501 2930; x_wconf 87' lang='lat' dir='ltr'>quaedam</span> <span class='ocrx_word' id='word_1_148' title='bbox 516 2841 623 2907; x_wconf 91' lang='lat' dir='ltr'>nostri</span> <span class='ocrx_word' id='word_1_149' title='bbox 642 2841 717 2906; x_wconf 89' lang='lat' dir='ltr'>sine</span> <span class='ocrx_word' id='word_1_150' title='bbox 734 2841 866 2907; x_wconf 88' lang='lat' dir='ltr'>ratione</span> <span class='ocrx_word' id='word_1_151' title='bbox 883 2838 1138 2908; x_wconf 88' lang='lat' dir='ltr'>determinandi</span> <span class='ocrx_word' id='word_1_152' title='bbox 1158 2840 1195 2907; x_wconf 92' lang='lat' dir='ltr'>in</span> <span class='ocrx_word' id='word_1_153' title='bbox 1215 2841 1316 2910; x_wconf 92' lang='lat' dir='ltr'>nobis</span> 
     </span>
     <span class='ocr_line' id='line_1_21' title="bbox 171 2955 1316 3049; baseline 0.001 -25"><span class='ocrx_word' id='word_1_154' title='bbox 171 2958 277 3024; x_wconf 86' lang='lat' dir='ltr'>insita</span> <span class='ocrx_word' id='word_1_155' title='bbox 294 2962 396 3024; x_wconf 88' lang='lat' dir='ltr'>esset.</span> <span class='ocrx_word' id='word_1_156' title='bbox 421 2956 477 3024; x_wconf 87' lang='lat' dir='ltr'>Sic</span> <span class='ocrx_word' id='word_1_157' title='bbox 493 2955 554 3022; x_wconf 91' lang='lat' dir='ltr'>ille</span> <span class='ocrx_word' id='word_1_158' title='bbox 574 2956 741 3024; x_wconf 89' lang='lat' dir='ltr'>Buridani</span> <span class='ocrx_word' id='word_1_159' title='bbox 756 2956 891 3038; x_wconf 88' lang='lat' dir='ltr'>asinus,</span> <span class='ocrx_word' id='word_1_160' title='bbox 908 2978 987 3024; x_wconf 92' lang='lat' dir='ltr'>oum</span> <span class='ocrx_word' id='word_1_161' title='bbox 1005 2957 1095 3024; x_wconf 86' lang='lat' dir='ltr'>inter</span> <span class='ocrx_word' id='word_1_162' title='bbox 1112 2957 1199 3024; x_wconf 91' lang='lat' dir='ltr'>duos</span> <span class='ocrx_word' id='word_1_163' title='bbox 1218 2981 1316 3049; x_wconf 90' lang='lat' dir='ltr'>pares</span> 
     </span>
     <span class='ocr_line' id='line_1_22' title="bbox 171 3072 1318 3163; baseline -0.001 -22"><span class='ocrx_word' id='word_1_164' title='bbox 171 3077 441 3141; x_wconf 88' lang='lat' dir='ltr'>stramentorum</span> <span class='ocrx_word' id='word_1_165' title='bbox 451 3072 562 3140; x_wconf 88' lang='lat' dir='ltr'>fasces</span> <span class='ocrx_word' id='word_1_166' title='bbox 573 3078 651 3156; x_wconf 88' lang='lat' dir='ltr'>stat,</span> <span class='ocrx_word' id='word_1_167' title='bbox 664 3095 735 3140; x_wconf 91' lang='lat' dir='ltr'>non</span> <span class='ocrx_word' id='word_1_168' title='bbox 745 3094 860 3163; x_wconf 83' lang='lat' dir='ltr'>agere,</span> <span class='ocrx_word' id='word_1_169' title='bbox 875 3073 932 3140; x_wconf 91' lang='lat' dir='ltr'>sed</span> <span class='ocrx_word' id='word_1_170' title='bbox 945 3073 1037 3141; x_wconf 85' lang='lat' dir='ltr'>fame</span> <span class='ocrx_word' id='word_1_171' title='bbox 1048 3075 1164 3163; x_wconf 92' lang='lat' dir='ltr'>potius</span> <span class='ocrx_word' id='word_1_172' title='bbox 1176 3074 1318 3141; x_wconf 85' lang='lat' dir='ltr'>interire</span> 
     </span>
     <span class='ocr_line' id='line_1_23' title="bbox 173 3188 1316 3279; baseline -0.002 -21"><span class='ocrx_word' id='word_1_173' title='bbox 173 3190 326 3270; x_wconf 90' lang='lat' dir='ltr'>deberet,</span> <span class='ocrx_word' id='word_1_174' title='bbox 349 3189 419 3256; x_wconf 91' lang='lat' dir='ltr'>nisi</span> <span class='ocrx_word' id='word_1_175' title='bbox 438 3189 476 3255; x_wconf 92' lang='lat' dir='ltr'>in</span> <span class='ocrx_word' id='word_1_176' title='bbox 496 3211 536 3256; x_wconf 88' lang='lat' dir='ltr'>eo</span> <span class='ocrx_word' id='word_1_177' title='bbox 557 3188 714 3278; x_wconf 82' lang='lat' dir='ltr'>quaedam</span> <span class='ocrx_word' id='word_1_178' title='bbox 732 3188 859 3278; x_wconf 80' lang='lat' dir='ltr'>agendi</span> <span class='ocrx_word' id='word_1_179' title='bbox 876 3190 1031 3279; x_wconf 89' lang='lat' dir='ltr'>potentia</span> <span class='ocrx_word' id='word_1_180' title='bbox 1051 3190 1192 3257; x_wconf 89' lang='lat' dir='ltr'>inesset.</span> <span class='ocrx_word' id='word_1_181' title='bbox 1216 3189 1316 3269; x_wconf 78' lang='lat' dir='ltr'>Quod</span> 
     </span>
     <span class='ocr_line' id='line_1_24' title="bbox 173 3304 1320 3394; baseline -0.003 -19"><span class='ocrx_word' id='word_1_182' title='bbox 173 3306 238 3375; x_wconf 92' lang='lat' dir='ltr'>etsi</span> <span class='ocrx_word' id='word_1_183' title='bbox 260 3305 456 3374; x_wconf 90' lang='lat' dir='ltr'>Leibnitius</span> <span class='ocrx_word' id='word_1_184' title='bbox 475 3305 575 3373; x_wconf 90' lang='lat' dir='ltr'>nulla</span> <span class='ocrx_word' id='word_1_185' title='bbox 594 3304 811 3373; x_wconf 85' lang='lat' dir='ltr'>dubitatione</span> <span class='ocrx_word' id='word_1_186' title='bbox 832 3305 969 3387; x_wconf 83' lang='lat' dir='ltr'>fatetur,</span> <span class='ocrx_word' id='word_1_187' title='bbox 992 3328 1173 3394; x_wconf 90' lang='lat' dir='ltr'>nunquam</span> <span class='ocrx_word' id='word_1_188' title='bbox 1198 3310 1320 3373; x_wconf 46' lang='lat' dir='ltr'>tamen.</span> 
     </span>
     <span class='ocr_line' id='line_1_25' title="bbox 174 3419 1314 3512; baseline -0.004 -22"><span class='ocrx_word' id='word_1_189' title='bbox 174 3422 347 3512; x_wconf 89' lang='lat' dir='ltr'>ejusmodi</span> <span class='ocrx_word' id='word_1_190' title='bbox 380 3421 491 3488; x_wconf 92' lang='lat' dir='ltr'>ullam</span> <span class='ocrx_word' id='word_1_191' title='bbox 522 3422 742 3489; x_wconf 86' lang='lat' dir='ltr'>occasionem</span> <span class='ocrx_word' id='word_1_192' title='bbox 775 3443 958 3488; x_wconf 90' lang='lat' dir='ltr'>occurrere</span> <span class='ocrx_word' id='word_1_193' title='bbox 989 3443 1089 3510; x_wconf 89' lang='lat' dir='ltr'>posse</span> <span class='ocrx_word' id='word_1_194' title='bbox 1111 3419 1314 3509; x_wconf 84' lang='lat' dir='ltr'>profitetur.</span> 
     </span>
     <span class='ocr_line' id='line_1_26' title="bbox 173 3535 1317 3627; baseline -0.003 -20"><span class='ocrx_word' id='word_1_195' title='bbox 173 3540 364 3627; x_wconf 86' lang='lat' dir='ltr'>Nusquam,</span> <span class='ocrx_word' id='word_1_196' title='bbox 403 3538 439 3603; x_wconf 89' lang='lat' dir='ltr'>in</span> <span class='ocrx_word' id='word_1_197' title='bbox 477 3544 548 3604; x_wconf 84' lang='lat' dir='ltr'>tola</span> <span class='ocrx_word' id='word_1_198' title='bbox 579 3560 696 3605; x_wconf 86' lang='lat' dir='ltr'>rerum</span> <span class='ocrx_word' id='word_1_199' title='bbox 729 3542 864 3619; x_wconf 89' lang='lat' dir='ltr'>natura,</span> <span class='ocrx_word' id='word_1_200' title='bbox 901 3536 987 3603; x_wconf 90' lang='lat' dir='ltr'>duas</span> <span class='ocrx_word' id='word_1_201' title='bbox 1021 3558 1095 3603; x_wconf 89' lang='lat' dir='ltr'>esse</span> <span class='ocrx_word' id='word_1_202' title='bbox 1130 3535 1317 3604; x_wconf 88' lang='lat' dir='ltr'>admodum</span> 
     </span>
     <span class='ocr_line' id='line_1_27' title="bbox 173 3650 1319 3736; baseline -0.003 -14"><span class='ocrx_word' id='word_1_203' title='bbox 173 3653 308 3722; x_wconf 91' lang='lat' dir='ltr'>similes</span> <span class='ocrx_word' id='word_1_204' title='bbox 329 3675 396 3720; x_wconf 91' lang='lat' dir='ltr'>res.</span> <span class='ocrx_word' id='word_1_205' title='bbox 420 3653 592 3736; x_wconf 81' lang='lat' dir='ltr'>Namque,</span> <span class='ocrx_word' id='word_1_206' title='bbox 620 3653 648 3718; x_wconf 95' lang='lat' dir='ltr'>si</span> <span class='ocrx_word' id='word_1_207' title='bbox 672 3652 758 3718; x_wconf 89' lang='lat' dir='ltr'>forte</span> <span class='ocrx_word' id='word_1_208' title='bbox 783 3656 911 3734; x_wconf 87' lang='lat' dir='ltr'>essent,</span> <span class='ocrx_word' id='word_1_209' title='bbox 933 3650 1031 3719; x_wconf 92' lang='lat' dir='ltr'>nullo</span> <span class='ocrx_word' id='word_1_210' title='bbox 1053 3650 1157 3720; x_wconf 89' lang='lat' dir='ltr'>modo</span> <span class='ocrx_word' id='word_1_211' title='bbox 1184 3654 1319 3720; x_wconf 89' lang='lat' dir='ltr'>secerni</span> 
     </span>
     <span class='ocr_line' id='line_1_28' title="bbox 174 3766 1316 3862; baseline -0.001 -24"><span class='ocrx_word' id='word_1_212' title='bbox 174 3775 327 3862; x_wconf 91' lang='lat' dir='ltr'>possent.</span> <span class='ocrx_word' id='word_1_213' title='bbox 349 3767 470 3858; x_wconf 91' lang='lat' dir='ltr'>Itaque</span> <span class='ocrx_word' id='word_1_214' title='bbox 490 3768 609 3834; x_wconf 90' lang='lat' dir='ltr'>omnia</span> <span class='ocrx_word' id='word_1_215' title='bbox 629 3790 706 3856; x_wconf 83' lang='lat' dir='ltr'>quae</span> <span class='ocrx_word' id='word_1_216' title='bbox 726 3766 807 3851; x_wconf 91' lang='lat' dir='ltr'>sint,</span> <span class='ocrx_word' id='word_1_217' title='bbox 829 3767 1012 3835; x_wconf 88' lang='lat' dir='ltr'>individua</span> <span class='ocrx_word' id='word_1_218' title='bbox 1031 3789 1120 3851; x_wconf 89' lang='lat' dir='ltr'>esse,</span> <span class='ocrx_word' id='word_1_219' title='bbox 1142 3791 1206 3837; x_wconf 91' lang='lat' dir='ltr'>nec</span> <span class='ocrx_word' id='word_1_220' title='bbox 1227 3769 1316 3858; x_wconf 92' lang='lat' dir='ltr'>quod</span> 
     </span>
     <span class='ocr_line' id='line_1_29' title="bbox 174 3879 1321 3976; baseline -0.002 -22"><span class='ocrx_word' id='word_1_221' title='bbox 174 3879 330 3957; x_wconf 84' lang='lat' dir='ltr'>dicamus</span> <span class='ocrx_word' id='word_1_222' title='bbox 350 3884 455 3965; x_wconf 91' lang='lat' dir='ltr'>idem,</span> <span class='ocrx_word' id='word_1_223' title='bbox 478 3884 571 3950; x_wconf 91' lang='lat' dir='ltr'>idem</span> <span class='ocrx_word' id='word_1_224' title='bbox 593 3884 737 3952; x_wconf 89' lang='lat' dir='ltr'>omnino</span> <span class='ocrx_word' id='word_1_225' title='bbox 761 3905 978 3972; x_wconf 89' lang='lat' dir='ltr'>permanere.</span> <span class='ocrx_word' id='word_1_226' title='bbox 1003 3884 1191 3974; x_wconf 87' lang='lat' dir='ltr'>Nunquam</span> <span class='ocrx_word' id='word_1_227' title='bbox 1213 3886 1321 3976; x_wconf 83' lang='lat' dir='ltr'>igitur</span> 
     </span>
     <span class='ocr_line' id='line_1_30' title="bbox 174 3999 1319 4088; baseline -0.003 -18"><span class='ocrx_word' id='word_1_228' title='bbox 174 4004 246 4070; x_wconf 90' lang='lat' dir='ltr'>fore</span> <span class='ocrx_word' id='word_1_229' title='bbox 266 4010 305 4069; x_wconf 92' lang='lat' dir='ltr'>ut</span> <span class='ocrx_word' id='word_1_230' title='bbox 329 4002 419 4068; x_wconf 86' lang='lat' dir='ltr'>inter</span> <span class='ocrx_word' id='word_1_231' title='bbox 438 3999 525 4067; x_wconf 91' lang='lat' dir='ltr'>duos</span> <span class='ocrx_word' id='word_1_232' title='bbox 553 4004 827 4067; x_wconf 85' lang='lat' dir='ltr'>stramentorum</span> <span class='ocrx_word' id='word_1_233' title='bbox 848 4020 946 4088; x_wconf 89' lang='lat' dir='ltr'>pares</span> <span class='ocrx_word' id='word_1_234' title='bbox 970 3999 1079 4067; x_wconf 89' lang='lat' dir='ltr'>fasces</span> <span class='ocrx_word' id='word_1_235' title='bbox 1100 4001 1231 4083; x_wconf 89' lang='lat' dir='ltr'>asinus,</span> <span class='ocrx_word' id='word_1_236' title='bbox 1253 4023 1319 4067; x_wconf 87' lang='lat' dir='ltr'>nec</span> 
     </span>
     <span class='ocr_line' id='line_1_31' title="bbox 174 4114 1318 4207; baseline -0.002 -23"><span class='ocrx_word' id='word_1_237' title='bbox 174 4119 267 4185; x_wconf 90' lang='lat' dir='ltr'>inter</span> <span class='ocrx_word' id='word_1_238' title='bbox 287 4139 386 4207; x_wconf 90' lang='lat' dir='ltr'>pares</span> <span class='ocrx_word' id='word_1_239' title='bbox 403 4114 531 4206; x_wconf 82' lang='lat' dir='ltr'>agendi</span> <span class='ocrx_word' id='word_1_240' title='bbox 551 4116 706 4183; x_wconf 89' lang='lat' dir='ltr'>rationes</span> <span class='ocrx_word' id='word_1_241' title='bbox 727 4114 832 4182; x_wconf 90' lang='lat' dir='ltr'>homo</span> <span class='ocrx_word' id='word_1_242' title='bbox 852 4137 1044 4206; x_wconf 91' lang='lat' dir='ltr'>suspensus</span> <span class='ocrx_word' id='word_1_243' title='bbox 1064 4115 1206 4184; x_wconf 84' lang='lat' dir='ltr'>haereat.</span> <span class='ocrx_word' id='word_1_244' title='bbox 1227 4116 1318 4205; x_wconf 83' lang='lat' dir='ltr'>Ergo</span> 
     </span>
    </p>
   </div>
   <div class='ocr_carea' id='block_1_5' title="bbox 206 4374 1029 4441">
    <p class='ocr_par' dir='ltr' id='par_1_5' title="bbox 206 4374 1029 4441">
     <span class='ocr_line' id='line_1_32' title="bbox 206 4374 1029 4441; baseline -0.001 -12"><span class='ocrx_word' id='word_1_245' title='bbox 206 4381 228 4430; x_wconf 87' lang='lat' dir='ltr'>l.</span> <span class='ocrx_word' id='word_1_246' title='bbox 242 4378 361 4428; x_wconf 77' lang='lat' dir='ltr'>Examen</span> <span class='ocrx_word' id='word_1_247' title='bbox 373 4375 418 4427; x_wconf 79' lang='lat' dir='ltr'>dec</span> <span class='ocrx_word' id='word_1_248' title='bbox 425 4377 513 4441; x_wconf 82' lang='lat' dir='ltr'>princ.</span> <span class='ocrx_word' id='word_1_249' title='bbox 525 4376 558 4427; x_wconf 84' lang='lat' dir='ltr'>de</span> <span class='ocrx_word' id='word_1_250' title='bbox 571 4377 718 4427; x_wconf 78' lang='lat' dir='ltr'>Deacartes.</span> <span class='ocrx_word' id='word_1_251' title='bbox 732 4374 821 4436; x_wconf 62' lang='lat' dir='ltr'>Gerh„</span> <span class='ocrx_word' id='word_1_252' title='bbox 836 4376 856 4426; x_wconf 91' lang='lat' dir='ltr'>t.</span> <span class='ocrx_word' id='word_1_253' title='bbox 872 4376 916 4437; x_wconf 86' lang='lat' dir='ltr'>IV,</span> <span class='ocrx_word' id='word_1_254' title='bbox 929 4388 957 4441; x_wconf 91' lang='lat' dir='ltr'>p.</span> <span class='ocrx_word' id='word_1_255' title='bbox 971 4378 1029 4428; x_wconf 82' lang='grc'><strong>361.</strong></span> 
     </span>
    </p>
   </div>
   <div class='ocr_carea' id='block_1_6' title="bbox 0 0 1496 4988">
    <p class='ocr_par' dir='ltr' id='par_1_6' title="bbox 0 0 1496 4988">
     <span class='ocr_line' id='line_1_33' title="bbox 0 0 1496 4988; baseline 0 0"><span class='ocrx_word' id='word_1_256' title='bbox 0 0 1496 4988; x_wconf 95' lang='lat' dir='ltr'> </span> 
     </span>
    </p>
   </div>
  </div>
 </body>
</html>
