2964 4988
193 365 226 415 40
460 362 506 414 bu
532 361 724 415 LIBERTATE
744 362 839 416 APUD
867 362 1067 415 LEIBNthUtt

193 512 219 576 si
246 511 340 577 aliud
372 511 501 578 iactum
535 516 625 578 esset
648 512 865 578 universum.
899 510 1190 601 Quandoquidem
1222 518 1339 580 autem

100 665 106 673 -
194 646 256 716 ego
277 626 378 693 aliter
397 628 545 716 egissem
575 626 604 691 si
633 626 723 692 atius
748 633 884 693 creatus
916 626 1038 694 fuisset
1065 626 1230 710 mundus,
1266 651 1339 694 non

193 741 429 831 metaphysica
452 743 647 809 necessario
668 741 757 807 facta
778 763 856 808 mea
878 742 977 809 facie.
995 743 1085 832 Ergo
1102 743 1342 833 contiupentt'a

195 864 278 925 sunt
301 857 438 925 decreta
462 857 616 924 humana
636 857 719 946 quia
739 862 773 923 ct
793 857 1034 947 contingentia
1054 857 1173 925 divina
1188 857 1339 926 decreta.

195 975 266 1041 Nec
300 973 446 1040 dubium
473 973 560 1061 quin
594 972 727 1039 malum
757 973 857 1054 foret,
870 977 910 1041 ut
932 995 1003 1039 non
1028 996 1131 1062 agam
1154 974 1244 1040 sieut
1263 997 1340 1063 ago,

196 1087 287 1179 quod
321 1096 394 1156 tum
428 1089 673 1155 universorum
709 1089 882 1176 optimum
916 1111 987 1155 non
1018 1097 1173 1156 creatum
1203 1089 1338 1156 fuisset.

196 1204 396 1294 Impiicaret
438 1204 547 1292 igitur
585 1231 601 1265 «
647 1203 948 1292 imperfectionem
987 1227 1049 1270 seu
1088 1203 1342 1272 absurditatem

197 1319 365 1387 moralem
398 1347 414 1380 »
445 1320 473 1385 si
503 1342 589 1408 quas
622 1319 710 1386 facio
744 1341 799 1386 res
833 1341 904 1386 non
934 1319 1096 1386 facerem.
1119 1321 1196 1387 Non
1226 1320 1343 1386 minus

200 1445 314 1502 tamen
330 1434 536 1523 contingens
557 1434 740 1502 arbitrium
757 1433 954 1501 humanum
971 1435 1258 1502 existimandum.

243 1668 362 1758 Itaque
383 1672 422 1734 ut
443 1667 573 1749 divina,
592 1668 640 1734 sic
661 1673 693 1733 et
714 1666 882 1750 humana,
903 1679 1104 1757 spontanea,
1127 1666 1342 1755 contioque,

200 1783 388 1850 deliberata
408 1782 556 1873 ideoque
572 1783 679 1851 libera
699 1783 768 1852 dici
784 1783 946 1851 voluntas
966 1782 1116 1852 debebit.

246 2249 323 2315 Non
348 2252 466 2315 tamen
496 2248 640 2314 omnino
670 2246 792 2315 eodem
822 2247 924 2314 modo
956 2246 1102 2314 liberam
1129 2249 1211 2338 quia
1245 2272 1347 2339 spon·

202 2371 341 2432 teneam
374 2386 449 2431 eam
481 2370 585 2453 atque
615 2362 771 2430 divinam
802 2363 1019 2431 voluntatem
1046 2364 1240 2432 Leibnitius
1272 2388 1347 2432 esse

202 2479 365 2547 declarat.
386 2478 485 2560 Quod
509 2478 650 2568 quidem
675 2481 757 2546 satis
780 2481 970 2569 apparebit,
998 2481 1026 2546 si
1051 2481 1154 2547 modo
1179 2481 1347 2548 intentius

204 2596 464 2685 introspexeris.

249 2713 399 2794 Etenim,
422 2734 492 2778 non
514 2710 703 2778 admodum
723 2711 848 2779 iisdem
870 2710 1064 2779 rationibus
1084 2712 1210 2801 quibus
1230 2711 1350 2780 divina

205 2829 380 2909 voluntaS,
399 2826 553 2893 humana
574 2826 661 2893 ideis
681 2849 766 2917 quas
783 2829 932 2916 concipit
948 2826 1151 2896 inclinatur.

251 2945 352 3021 Nam,
376 2965 457 3010 cum
471 2943 565 3010 Deus
581 2943 740 3033 omnium
759 2943 980 3032 possibilium
1001 2944 1095 3012 ideas
1118 2946 1153 3012 in
1169 2945 1350 3013 intellectu

208 3059 322 3141 habet,
354 3060 395 3126 de
420 3059 463 3124 iis
484 3059 623 3149 cogitat,
644 3059 727 3148 quia
747 3058 788 3126 de
807 3060 851 3127 iis
871 3082 943 3128 non
963 3062 1112 3151 cogitare
1133 3085 1204 3128 non
1225 3067 1348 3149 potest.

202 3177 289 3266 ,Idea
303 3183 420 3243 autem
441 3175 618 3266 possibilis
638 3176 795 3266 cujusvis
815 3176 1017 3259 inclinatur,
1035 3177 1118 3267 quia
1137 3174 1220 3264 quid
1236 3176 1273 3238 in
1287 3171 1350 3238 illo

208 3291 367 3384 possibili
379 3314 459 3358 vere
479 3292 609 3359 bonum
625 3292 670 3359 sit
687 3292 827 3358 omnino
841 3292 918 3370 scit,
940 3299 1042 3380 atquc
1060 3319 1075 3352 «
1094 3287 1350 3377 sapientissime

209 3432 310 3499 agere
330 3416 363 3502 et
384 3417 603 3500 ἁρμονικωτάτως
619 3442 633 3473 »
651 3419 658 3449 ¹
681 3430 721 3475 ex
742 3408 933 3475 eternitate
950 3405 1114 3473 decrevit.
1136 3404 1251 3470 Homo
1268 3425 1351 3470 vero

209 3525 336 3615 quivis,
353 3546 428 3607 cur,
446 3546 526 3590 cum
542 3521 667 3612 agendi
684 3524 833 3590 rationes
848 3522 1028 3610 quasdam,
1046 3542 1103 3586 aas
1116 3519 1351 3609 potissimum,

210 3663 282 3707 non
296 3640 381 3707 alias
396 3638 566 3726 concipit?
582 3637 695 3726 Atque
716 3660 797 3704 eum
811 3635 1075 3716 inclinaturam,
1094 3659 1155 3703 cur
1170 3636 1353 3704 inclinatio

211 3750 277 3823 fit‘i
300 3755 436 3842 Quippe
460 3754 518 3842 qui
548 3775 632 3834 non,
661 3752 752 3818 sicut
778 3753 883 3832 Deus,
913 3751 1007 3819 ideas
1035 3774 1077 3818 ex
1099 3752 1291 3819 aeternitate
1318 3753 1352 3818 in

212 3870 391 3938 intellectu
413 3867 547 3935 babeat.
567 3867 629 3933 sin
649 3873 764 3933 autem
787 3867 975 3934 inclinatur
995 3868 1078 3958 quia
1100 3869 1253 3935 rationes
1276 3891 1354 3957 qnae

211 3989 248 4054 in
275 3986 352 4076 ejus
377 3985 494 4051 animo
516 3988 699 4050 versentur
727 3982 827 4050 bonae
852 3982 903 4048 illi
933 4005 1007 4051 csse
1030 3984 1204 4063 videntur,
1233 3984 1264 4050 ei
1289 3989 1356 4050 stat

213 4102 396 4183 sententia,
418 4122 488 4166 non
510 4099 602 4187 quod
618 4098 704 4164 sciat
720 4098 810 4187 quod
831 4098 959 4167 bonum
978 4100 1032 4180 sit,
1051 4099 1111 4166 sed
1127 4100 1209 4189 quia
1225 4098 1354 4166 bonum

247 4365 269 4412 t.
286 4362 359 4412 Corr.
376 4375 438 4410 aare
452 4361 498 4410 dea
511 4361 610 4410 Bossec.
627 4361 716 4415 Ger-b..
734 4364 752 4409 t.
766 4362 799 4414 ΙΙ.
815 4376 838 4426 p.
851 4362 896 4409 496
909 4361 998 4424 (trra).
