2964 4988
178 394 211 446 os
443 390 490 447 ou
515 355 707 448 ursarium
730 391 826 448 leno
851 390 1055 448 cuuuuuu

177 543 312 611 duobus
329 544 384 611 usi
404 549 485 610 sunt
505 545 687 633 praecipuis
708 545 922 635 argumentis
938 545 1011 634 qui,
1034 545 1063 610 si
1082 544 1188 611 homo
1208 544 1322 612 deter-

175 660 328 726 minatus
349 661 404 742 sit,
422 658 591 726 moralem
609 682 750 748 prorsus
773 659 847 727 tolli
869 659 1124 749 philosophiam
1145 661 1321 728 existima·

174 780 311 843 verunt.
330 775 418 841 Nam
438 774 498 842 alii
518 774 653 841 nullam
669 797 744 842 esse
769 775 920 860 homini,
944 776 971 841 si
996 775 1245 843 determinatus
1263 777 1319 862 sit,

166 900 314 959 'causam
330 913 391 958 cur
406 896 551 957 conetur
564 897 603 958 ut
623 912 658 958 se
681 891 861 958 meliorem
885 891 1023 972 efficiat,
1044 891 1104 957 alii
1124 913 1204 959 vcro
1225 891 1316 961 divi-

171 1031 253 1074 nam
266 1006 451 1096 justiliam,
474 1006 503 1073 si
525 1029 581 1073 res
597 1006 644 1073 ita
659 1007 742 1089 sint,
760 1007 904 1073 omnino
921 1008 1029 1074 everti
1048 1007 1312 1075 contenderunt.

216 1355 252 1422 si
277 1357 395 1422 omnia
415 1354 646 1422 determinata
668 1360 762 1436 sunt,
784 1355 884 1422 aiunt
903 1355 1048 1445 priores
1069 1378 1148 1422 cum
1166 1355 1315 1446 jamjam

169 1478 303 1538 certum
319 1472 364 1537 sit
379 1470 461 1560 quid
483 1470 647 1561 postridie
664 1471 819 1537 facturus
840 1471 921 1554 sim,
938 1471 1038 1554 illud,
1056 1471 1164 1540 velim
1189 1472 1314 1554 nolim,

169 1586 290 1654 eodem
312 1587 415 1654 modo
437 1587 520 1653 fiet:
543 1608 625 1676 ergo
645 1608 715 1676 qua
734 1585 776 1653 de
797 1609 903 1654 causa
921 1609 1063 1653 omnem
1079 1610 1200 1655 curam
1218 1587 1315 1654 adhi-

167 1703 268 1770 beam
289 1709 328 1770 ut
354 1701 387 1768 id
408 1702 490 1770 liat?
515 1703 613 1771 Unde
637 1702 698 1768 alii
718 1700 933 1769 concludunt
953 1710 1113 1791 oportere
1132 1727 1196 1771 nos
1217 1704 1315 1771 nullo

167 1818 271 1885 modo
298 1841 455 1908 agamus
483 1819 576 1909 quod
604 1818 714 1885 latum
738 1818 1031 1886 mahumetanum
1058 1827 1121 1901 est,
1143 1818 1206 1886 alii
1232 1842 1314 1886 vero

167 1956 231 2000 nos
251 1934 345 2000 nihil
367 1957 512 2025 agamus
533 1935 601 2001 nisi
623 1935 716 2025 quod
741 1933 841 2001 nohis
864 1934 1012 2023 placeat3
1041 1958 1117 2024 quaa
1142 1936 1315 2002 sententia

168 2050 273 2116 ctiam
289 2050 386 2140 pejor
400 2051 574 2118 Leibnitio
591 2073 665 2119 esse
680 2049 848 2119 videtur¹.

211 2167 372 2234 Ceterum
388 2165 508 2234 ambas
528 2167 770 2233 conclusiones
786 2165 1016 2255 perabsurdas
1028 2166 1175 2255 judicat,
1192 2171 1313 2256 utpote

168 2304 244 2370 quae
269 2304 310 2348 ex
328 2282 472 2350 omnino
492 2280 580 2348 falso
600 2288 807 2371 argumento
830 2287 976 2349 manent
998 2282 1092 2372 quod
1116 2281 1313 2350 Leibnitius

167 2397 327 2465 nominat
345 2417 351 2464 :
372 2426 388 2460 «
405 2399 437 2465 le
451 2397 628 2487 sophisme
642 2403 829 2487 paresse'ux
841 2426 870 2465 ».

210 2515 284 2582 Hoc
306 2522 555 2604 argumentum
575 2537 635 2605 pro
659 2537 741 2582 vero
761 2515 918 2603 occipere
941 2515 1055 2582 solent
1076 2517 1135 2605 qui
1156 2516 1313 2604 qualem-

166 2653 316 2720 cumque
336 2631 492 2698 fecerunl
512 2631 698 2711 actionem,
715 2635 834 2697 tamen
856 2636 1022 2697 venturas
1043 2653 1097 2697 res
1117 2632 1313 2699 necessario

165 2745 300 2813 futuras
315 2768 390 2813 esse
411 2746 634 2813 arbitrantur.
654 2744 721 2812 Sed
737 2767 813 2811 eam
829 2745 1088 2833 amplectuntur
1103 2748 1313 2814 sententiam

165 2863 248 2951 quia
268 2861 521 2930 obliviscuntur
540 2860 658 2928 omnia
676 2883 752 2949 quae
768 2861 850 2926 fiant
867 2882 885 2927 e
901 2861 1016 2928 causis
1033 2861 1122 2929 datis
1140 2864 1313 2953 certisque

167 2977 301 3068 egredi,
335 2985 374 3044 ut
406 2977 495 3043 facto
529 2976 655 3062 cuique
687 2976 918 3044 determinato
951 2977 1180 3046 determinata
1209 3001 1314 3046 causa

166 3093 384 3192 respondeat
406 3093 475 3159 Nec
492 3097 544 3159 est
564 3090 794 3159 dubitandum
809 3093 908 3182 quin,
926 3095 985 3184 qui
1001 3095 1175 3162 actionem
1191 3115 1313 3183 quam·

167 3209 252 3275 libet
278 3208 399 3276 fecerit
425 3209 588 3276 effectum
618 3215 823 3297 experturus
850 3210 895 3275 sit
924 3216 1072 3291 certum,
1104 3209 1200 3274 illam
1231 3228 1312 3274 vero

168 3326 342 3391 actionem
362 3331 420 3392 aut
440 3325 565 3407 facere,
590 3330 648 3391 aut
672 3348 744 3392 non
768 3315 880 3393 facere
901 3326 1011 3414 possit
1029 3344 1036 3410 ς
1057 3351 1072 3384 «
1093 3323 1123 3389 ll
1144 3330 1194 3389 est
1215 3322 1309 3406 faur,

170 3469 186 3503 «
208 3442 255 3507 ait
274 3441 482 3523 leibnitius,
501 3464 568 3531 que
589 3441 823 3510 1'evenement
842 3442 953 3507 arrive
969 3438 1053 3529 quoi
1072 3437 1175 3527 qu'on
1196 3441 1310 3528 fosse3

170 3586 185 3616 «
212 3555 237 3622 il
251 3557 403 3623 arrivera
420 3579 520 3645 parce
536 3555 642 3646 qu'on
662 3557 724 3623 fait
747 3579 785 3623 ce
809 3555 871 3645 qui
887 3577 910 3644 y
928 3557 1046 3637 mene;
1067 3555 1144 3621 etsi
1160 3554 1314 3624 revene-

169 3702 184 3734 «
212 3678 311 3739 ment
329 3679 382 3739 est
406 3672 502 3752 ecrit,
530 3671 562 3737 la
589 3671 771 3760 consequi
798 3671 829 3736 le
864 3670 937 3737 fera
967 3671 1100 3737 arriver
1124 3675 1177 3738 cst
1207 3674 1312 3741 ecrite
1381 3692 1384 3697 ’

170 3817 186 3851 «
213 3788 319 3856 aussi.
342 3787 443 3853 Ainsi
465 3787 499 3853 la
518 3786 643 3852 liaison
657 3786 716 3852 des
732 3786 829 3852 ellets
850 3791 883 3852 ct
903 3785 964 3854 des
984 3808 1106 3854 causes
1131 3786 1212 3854 bien
1238 3787 1313 3855 loin

171 3933 187 3968 «
214 3903 429 3982 d'etablirla
454 3902 608 3970 doctrine
631 3900 734 3967 d’une
759 3901 929 3970 ne'cessitd
955 3902 1204 3993 prejudiciabte
1232 3909 1251 3970 a
1279 3903 1314 3971 la

170 4049 186 4083 «
213 4020 371 4110 pratique
395 4026 465 4086 sert
484 4017 556 4086 ala
576 4016 749 4084 detruire¹
765 4045 793 4083 u.
809 4017 890 4085 Sola
906 4018 1001 4085 enim
1022 4018 1086 4086 hac
1104 4020 1313 4087 necessitate

172 4135 341 4203 morales·
362 4159 417 4203 res
447 4135 713 4202 destruerentur
743 4155 820 4223 quae
853 4134 1092 4225 metaphysica
1130 4142 1238 4216 esset,
1277 4133 1312 4201 id

201 4316 224 4385 l.¹
240 4313 334 4364 rocoa.
351 4313 443 4374 Gerh„
454 4315 474 4363 t.
488 4313 530 4375 Vl,
544 4327 570 4376 p.
584 4311 622 4360 32.

199 4395 222 4444 2.
237 4392 315 4456 loia,
329 4409 354 4458 p.
369 4397 407 4444 33.
554 4403 555 4406 ’
