2964 4988
390 379 436 433 DE
457 377 603 434 flumana
623 379 816 443 DlVlNAQUE
837 380 1028 434 Lmutrmru
1249 384 1282 436 le

136 529 268 614 quaevis
291 527 494 616 explicetur,
517 530 588 619 pati
612 537 743 611 contra,
763 553 844 597 cum
870 536 945 598 acta
974 531 1088 619 reipsa
1110 532 1214 599 faciat
1242 538 1282 626 ut
1359 554 1362 564 ’

135 649 269 709 naturae
289 642 366 710 aliae
386 645 550 711 exsistere
576 645 748 732 possint¹3
770 644 839 727 vel,
861 645 939 712 aliis
960 645 1076 713 verbis
1102 675 1117 707 «
1138 669 1240 734 agere
1263 675 1279 707 »

135 778 215 823 oum
232 757 441 847 perfectione
458 741 523 827 sua¹
546 758 703 828 divinam
722 761 941 828 voluntatem
961 759 1003 828 ad
1024 760 1196 856 mundum
1221 762 1281 850 qui

135 873 277 941 exsistat
305 873 495 942 creandum
524 875 759 957 inclinaverit,
788 877 859 964 pati
885 899 967 945 vero
999 898 1092 959 cum,
1120 877 1282 965 quamvis

134 990 338 1079 imperfecta
362 991 417 1074 sit,
442 992 534 1058 Deus
562 1013 639 1058 eam
666 996 705 1058 ut
731 992 807 1058 aliae
832 993 903 1059 sint
931 991 1096 1058 Monades
1117 991 1282 1059 exsistere

136 1105 344 1193 permiserit.
358 1104 455 1174 Unde
472 1106 617 1175 verbum
635 1135 650 1169 a
668 1129 767 1196 agere
786 1134 802 1168 >r
820 1107 943 1174 eodem
960 1130 1064 1173 sensu
1080 1129 1147 1196 quo
1166 1136 1181 1170 α
1199 1107 1284 1175 libe-

137 1242 216 1286 rum
236 1243 310 1287 esse
328 1248 357 1303 »,
376 1223 524 1290 verbum
539 1228 657 1290 autem
674 1250 689 1284 «
708 1223 777 1311 pati
796 1252 811 1283 υ
826 1221 949 1290 eodem
970 1246 1075 1289 sensu
1092 1245 1160 1313 quo
1179 1251 1194 1284 «
1211 1246 1283 1290 non

137 1335 287 1404 liberum
311 1359 384 1404 esse
415 1367 430 1399 »
457 1338 671 1406 leibnitium
694 1338 755 1405 illo
780 1339 855 1406 loco
881 1361 1050 1429 usurpare
1076 1343 1180 1428 patet.
1202 1339 1285 1429 Agit

139 1452 233 1518 enim
248 1452 369 1520 Monas
386 1453 507 1520 eadem
524 1454 564 1521 de
581 1476 686 1521 causa
702 1477 769 1542 qua
788 1453 897 1520 libera
913 1453 1052 1531 dicitur,
1069 1453 1104 1520 id
1125 1459 1187 1536 est,
1203 1476 1284 1521 cum

137 1574 263 1635 natura
278 1569 449 1658 praecipue
470 1569 545 1659 ejus
561 1570 650 1636 actio
673 1569 890 1658 explicatur:
910 1569 1038 1658 patitur
1060 1592 1142 1636 vero
1162 1569 1285 1636 eadem

137 1706 207 1773 qua
230 1706 302 1751 non
324 1683 433 1752 libera
455 1684 587 1751 :idest
611 1707 691 1753 cum
717 1685 865 1752 aliarum
887 1693 1127 1752 creaturarum
1151 1690 1285 1752 naturae

137 1800 227 1866 actio
250 1796 325 1889 ejus
349 1800 520 1888 praecipue
545 1800 696 1867 obnoxia
721 1805 783 1867 est.
808 1800 908 1881 Quod
930 1802 1035 1867 etiam
1062 1800 1287 1868 confirmatur

138 1938 231 1997 cum,
244 1921 283 1982 ut
297 1914 481 1998 libertatis,
500 1916 549 1982 sic
565 1916 714 1983 actionis
731 1923 764 1983 et
784 1917 958 2007 passionis
975 1916 1104 2006 gradus
1122 1939 1142 1982 a
1158 1917 1286 2006 perfec-

138 2031 241 2098 tionis
275 2030 396 2122 gradu,
427 2031 602 2099 sciliceta
635 2031 859 2099 distinctione
888 2032 1120 2123 perceptionis
1145 2032 1284 2100 Leihni-

136 2148 207 2214 tius
236 2146 388 2236 pendere
410 2146 609 2215 contendat.
638 2149 724 2229 Quae
749 2149 833 2215 satis
858 2147 900 2214 ad
927 2146 1147 2237 probandum
1168 2149 1285 2215 valere

138 2262 302 2331 videntur
316 2285 378 2330 cur
394 2264 485 2330 actio
504 2285 586 2331 oum
607 2262 779 2347 libertate,
798 2263 914 2352 passio
931 2286 1015 2332 vero
1034 2285 1114 2331 cum
1135 2263 1285 2331 servitu-

138 2377 218 2445 dine
234 2379 325 2468 apud
340 2378 558 2446 Leihnitium
574 2378 740 2447 confundi
755 2380 920 2470 possint¹.

182 2610 266 2680 Inde
282 2611 368 2680 duas
384 2612 575 2702 praecipuas
586 2634 639 2679 res
650 2610 856 2680 concludere
873 2634 937 2678 nos
952 2611 1075 2679 debere
1085 2618 1237 2703 apparet.

182 2728 305 2796 Omnis
321 2729 418 2818 prius
433 2751 504 2795 non
519 2727 707 2795 admodum
726 2727 879 2816 perlecta
896 2727 1027 2809 Menas,
1047 2751 1122 2817 quae
1142 2728 1285 2819 quidem

136 2845 284 2935 Spiritus
300 2845 356 2927 sit,
375 2851 450 2911 tum
481 2843 601 2924 libere,
623 2848 698 2911 tum
716 2866 786 2910 non
803 2843 910 2910 libere
939 2844 1022 2931 agit.
1042 2843 1165 2911 Omnis
1189 2844 1283 2912 enim

137 2960 217 3027 talis
236 2960 356 3026 Monas
375 2960 590 3050 imperfecta,
609 2960 736 3048 partim
757 2958 869 3027 claras
886 2982 925 3026 ac
941 2958 1135 3045 distinctas
1154 2961 1282 3050 partim

139 3075 301 3143 confusas
314 3076 554 3164 perceptiones
569 3074 684 3143 habet.
700 3075 859 3166 Namque
873 3076 900 3141 si
915 3075 1025 3143 claras
1038 3076 1282 3143 tantummodo

137 3214 176 3258 ac
203 3190 386 3258 distinctas
418 3191 656 3280 perceptiones
683 3189 838 3273 haberet,
869 3213 940 3258 non
973 3191 1189 3279 imperfecta,
1221 3190 1280 3258 sed

70 3493 76 3499 ’
169 3496 192 3544 1.
210 3495 248 3544 De
263 3493 395 3543 libertate.
409 3492 498 3551 Gerh.‚
513 3494 532 3541 t.
544 3491 599 3552 Vll,
611 3506 638 3556 p.
656 3493 708 3541 loe.
726 3492 920 3555 Monodoloyia
936 3507 992 3557 par.
1009 3495 1039 3542 49
1056 3497 1072 3544 a
1088 3497 1126 3544 52.

167 3575 193 3623 2.
209 3594 221 3619 a
232 3576 304 3624 Noua
317 3587 442 3638 pouvons
456 3573 512 3623 dire
527 3586 578 3636 que
593 3586 663 3622 nous
673 3585 793 3623 sommas
805 3575 927 3638 exempta
936 3572 1102 3639 d'esclavage
1113 3589 1147 3625 en
1159 3577 1217 3626 tant
1230 3590 1282 3640 que

136 3668 206 3704 nous
219 3655 342 3718 agissons
357 3668 422 3704 avec
436 3667 487 3704 une
504 3653 699 3704 connaissance
714 3653 849 3714 distincte,
863 3654 933 3704 mais
952 3668 1004 3717 que
1021 3668 1090 3705 nous
1105 3669 1224 3706 sommes
1239 3671 1283 3706 os-

134 3735 216 3785 serois
228 3749 281 3784 aux
300 3734 435 3798 passinus,
451 3748 486 3785 en
501 3735 559 3784 tant
576 3748 628 3797 que
642 3748 693 3783 nos
712 3736 883 3799 perceptions
905 3737 967 3784 sont
981 3734 1117 3786 contusas.
1133 3757 1144 3779 n
1161 3735 1281 3800 (Thaca,

136 3819 154 3867 t.
171 3816 212 3876 vl,
229 3830 254 3879 p.
270 3815 324 3864 288.
341 3814 379 3864 Cf.
393 3815 430 3864 De
446 3814 574 3874 libertate,
590 3815 609 3862 I.
627 3834 639 3858 a
653 3814 700 3864 Vel
713 3814 812 3864 habent
831 3814 1011 3878 [substantie]
1028 3814 1282 3866 determinationem

134 3911 167 3946 ao
181 3911 208 3944 se
220 3895 291 3958 ipris,
300 3908 386 3958 eoque
402 3897 466 3944 sunt
478 3894 642 3958 potentiores
655 3898 681 3945 et
692 3894 865 3958 perfectiores
873 3910 880 3956 ς
888 3895 931 3944 vel
943 3896 1160 3944 determinantur·
1172 3895 1283 3946 aliunde

135 3980 161 4026 et
177 3981 288 4026 eatenus
303 3975 363 4024 aliis
377 3975 458 4024 rebus
473 3975 574 4024 servire
587 3978 732 4039 coguntur.
746 3973 778 4023 ll.
796 3975 833 4024 Eo
848 3977 936 4036 major
950 3978 991 4024 est
1005 3975 1115 4026 libertas
1129 3991 1182 4038 qno
1196 3977 1282 4039 magis

136 4058 226 4122 agitur
245 4071 277 4105 ex
293 4056 398 4105 ratione
415 4058 441 4104 et
456 4069 488 4105 co
502 4057 588 4118 major
605 4057 647 4105 est
664 4057 780 4105 servitus
795 4069 849 4118 quo
865 4055 953 4119 magis
969 4056 1058 4119 agitur
1074 4070 1106 4105 ex
1122 4057 1205 4106 animi
1221 4072 1282 4120 pas-

137 4136 344 4188 sionibus.Nam
357 4138 489 4197 quatenus
497 4137 605 4198 agimus
618 4149 649 4184 ex
664 4136 778 4195 ratione,
790 4150 822 4185 eo
836 4136 921 4198 magis
935 4135 1074 4198 sequimur
1087 4137 1280 4199 perlectionem

136 4221 237 4269 noetrae
257 4218 374 4275 naturre3
390 4229 444 4278 quo
465 4229 528 4265 vero
545 4219 629 4279 magis
644 4229 677 4264 ex
694 4216 867 4279 passionibus
880 4215 986 4278 agimus
1002 4229 1034 4265 eo
1050 4217 1134 4280 magis
1150 4218 1282 4267 servimus

137 4297 268 4365 potentio
283 4309 376 4346 rerum
390 4297 580 4346 extranearum
595 4314 616 4342 o.
633 4295 722 4354 Gerh.‚
738 4297 758 4344 t.
774 4295 830 4353 Vll,
847 4300 875 4358 p:
890 4296 945 4345 109.
959 4321 989 4331 -
1007 4295 1084 4354 Quod
1100 4297 1282 4362 Spinozanum

139 4391 198 4431 csse
212 4380 271 4440 Jure
286 4375 428 4426 confirmat
443 4374 523 4424 Louis
537 4375 667 4424 couturat
680 4389 686 4435 3
702 4374 816 4439 lupique
830 4375 863 4424 de
878 4373 992 4436 haitais,
1007 4388 1034 4440 p.
1049 4378 1094 4426 218
1108 4390 1141 4427 en
1155 4381 1226 4427 note.

233 4483 356 4535 Crassos.
1147 4488 1160 4534 t
