2964 4988
179 384 211 435 36
445 388 489 439 DE
516 387 708 441 ctunh'rn'rh
731 388 826 441 APUD
851 387 1054 442 LElBNlTlUM

179 538 301 602 ceteris
315 537 494 603 anteferat.
512 537 636 626 Igitur,
656 561 735 607 cum
755 561 827 605 non
843 539 921 605 idea
943 537 1126 628 cujusdam
1146 537 1321 626 possibilis

178 651 221 718 nd
236 652 411 741 agendum
432 652 587 720 divinam
603 653 955 743 voluntatemcogat,
978 653 1038 721 sed
1056 659 1166 720 semet
1186 654 1261 744 ipsa
1278 653 1320 720 ad

176 767 365 834 volendum
391 770 477 834 ferat
506 767 625 834 divina
655 769 828 851 voluntaS,
861 768 938 835 idea
970 769 1226 857 «possibilis»
1259 792 1320 857 pro

175 884 370 966 occasione,
388 905 460 950 non
480 906 542 972 pro
562 906 666 950 causa
688 883 797 952 divini
819 883 948 952 decreti
974 884 1132 952 habenda
1152 891 1215 952 est.
1240 886 1318 967 Sed,

175 1022 375 1088 quanquam
404 1000 475 1089 agit
503 1000 610 1081 Deus,
641 1022 756 1089 neque
785 1000 913 1089 agitur,
939 1007 973 1066 et
1004 1001 1149 1068 omnino
1179 1008 1320 1089 sponta-

175 1137 282 1181 neum
314 1115 474 1181 divinum
509 1121 559 1181 est
595 1115 785 1198 decretum,
821 1115 971 1182 inclinat
1001 1122 1119 1183 tamen
1163 1117 1320 1183 divinam

173 1231 388 1297 voluntatem
418 1237 588 1318 cujusque
620 1231 795 1320 possibilis
822 1230 910 1297 idea.
941 1231 1042 1315 Nam,
1069 1255 1123 1298 res
1157 1254 1318 1322 quaeque,

172 1345 232 1412 ubi
248 1351 414 1433 concepta
428 1350 491 1428 est,
509 1368 590 1412 cum
611 1352 705 1412 certo
725 1345 892 1413 honitatis
913 1346 1022 1436 gradu
1048 1354 1202 1437 apparet.
1225 1349 1319 1415 Deus

171 1467 301 1542 autem,
321 1462 488 1549 quoniam
513 1460 715 1528 absolutum
739 1461 872 1529 bonum
891 1463 1072 1530 voluntate
1097 1462 1318 1530 antecedenti

171 1576 258 1660 vult,
286 1600 366 1644 cnm
395 1577 558 1665 possibile
586 1578 748 1667 quodque
770 1601 789 1644 a
813 1585 910 1666 parte
938 1585 1130 1646 ceterorum
1153 1580 1316 1668 concipit,

174 1700 275 1781 prout
291 1693 380 1760 illud
395 1693 560 1781 possibile
581 1695 612 1759 ei
634 1694 764 1761 bonum
781 1700 935 1784 apparet,
959 1700 1070 1762 semet
1089 1696 1163 1783 ipse
1187 1696 1254 1762 fert
1275 1695 1317 1763 ad

173 1809 361 1875 sinendum
386 1814 424 1876 ut
451 1809 540 1875 illud
564 1811 727 1892 exsistat;
755 1815 859 1898 prout
889 1815 1009 1878 contra
1038 1811 1125 1878 illud
1150 1812 1317 1900 possibile

170 1925 200 1990 ci
232 1923 368 1990 malum
391 1923 540 2005 videtur,
564 1930 675 1992 semet
699 1925 772 2013 ipse
799 1925 865 1991 fert
890 1926 933 1992 ad
958 1924 1047 1993 illud
1074 1924 1315 2015 rejiciendum.

170 2038 271 2119 Quod
300 2038 441 2129 quidem
467 2039 586 2106 diviua
610 2041 722 2127 prima
749 2040 900 2107 absoluti
922 2040 1007 2108 honi
1032 2042 1213 2110 voluntate
1236 2043 1315 2130 plus

168 2176 274 2243 quam
294 2154 404 2242 ipsius
425 2153 602 2242 possibilis
624 2159 750 2221 natura
769 2156 971 2243 explicatur.
996 2157 1082 2224 Cum
1106 2139 1212 2247 igitur
1238 2157 1315 2225 idea

168 2268 342 2360 cujusque
362 2268 537 2358 possibilis
553 2271 688 2337 occasio
705 2272 750 2338 sit
766 2294 828 2338 cur
850 2272 892 2339 ad
913 2273 1089 2362 agendum
1113 2278 1223 2341 semet
1240 2275 1316 2362 ipsa

169 2385 288 2453 divina
308 2386 472 2454 voluntas
488 2386 650 2470 inclinet,
666 2410 737 2454 non
757 2388 933 2455 immerito
956 2389 1070 2455 Deum
1094 2389 1315 2479 possibilium

168 2500 255 2568 ideis
280 2503 489 2570 inclinatum
506 2525 582 2569 esse
596 2503 665 2569 dici
686 2509 810 2591 potest.

211 2618 304 2685 Dum
338 2623 455 2686 autem
489 2619 691 2701 inclinatur,
722 2640 792 2686 non
834 2620 1041 2686 necessitate
1076 2621 1316 2714 metaphysica

167 2733 318 2824 quadum
340 2735 459 2802 divina
479 2733 644 2801 voluntas
674 2734 818 2822 rapitur,
850 2735 878 2800 si
910 2734 1050 2822 quidem
1079 2737 1316 2828 metaphysice

167 2850 406 2917 necessarium
455 2855 506 2915 est
552 2848 696 2938 «cujus
746 2850 960 2915 contrarium
1003 2852 1314 2921 contradictionem

167 2964 326 3054 implicet
353 2993 381 3030 ».
409 2963 516 3030 Aliud
552 2964 647 3030 enim
681 2964 885 3030 universum
908 2972 1013 3054 atque
1038 2969 1128 3056 quod
1155 2975 1218 3053 est,
1241 2971 1315 3035 sine

167 3079 455 3162 contradictione,
481 3081 576 3147 Deus
601 3102 715 3148 creare
742 3081 923 3169 potuisset.
954 3081 1043 3149 Sunt
1071 3085 1177 3166 enim,
1202 3085 1312 3170 prius,

169 3201 412 3265 universorum
439 3195 660 3285 possibilium
682 3195 767 3263 ideae
798 3197 833 3263 in
860 3197 1039 3266 intellectu
1071 3198 1187 3265 divino
1212 3198 1314 3262 innu-

166 3336 286 3396 merae;
303 3336 369 3382 nec
384 3336 466 3381 cum
486 3336 598 3380 unum
626 3313 827 3402 possibilem
855 3313 948 3380 Deus
973 3313 1103 3379 creavit
1125 3309 1317 3399 mundum,

168 3431 273 3496 ceteri
289 3428 370 3495 inde
385 3430 503 3496 minus
514 3427 695 3518 possibiles
711 3434 793 3496 sunt
811 3448 817 3493 :
835 3450 905 3494 non
922 3427 1016 3493 enim
1030 3426 1107 3493 ideo
1122 3426 1314 3495 contradic-

168 3546 301 3611 tionem
339 3544 532 3634 implicant.
569 3545 704 3611 Deinde
743 3565 815 3610 non
851 3541 1086 3632 metaphysice
1123 3541 1312 3611 absurdum

166 3661 303 3744 fuisset,
321 3661 349 3725 si
369 3657 464 3726 aliud
480 3659 685 3726 universum
701 3657 795 3724 Deus
815 3657 943 3746 eligere
965 3656 1133 3725 voluisset
1154 3683 1161 3723 :
1185 3660 1314 3749 quippe

169 3778 242 3867 qui,
265 3776 293 3841 si
322 3775 417 3856 velit,
443 3775 573 3841 bonum
603 3771 803 3840 ahsolutum
831 3794 903 3839 non
931 3773 1022 3841 velie
1050 3774 1143 3841 Deus
1170 3777 1310 3862 possit¹.

168 3892 270 3973 Quod
288 3897 405 3958 autem
426 3890 499 3957 fore
522 3895 561 3955 ut
582 3887 682 3954 nullo
703 3886 806 3954 modo
831 3888 916 3954 velit
937 3911 1106 3978 unquam,
1125 3913 1205 3957 oum
1225 3893 1315 3978 opti·

168 4031 247 4076 mus
264 4009 320 4092 sit,
339 4007 422 4074 satis
442 4009 545 4095 patet.
572 4003 657 4070 Inde
681 4002 961 4071 concludendum
981 4027 1052 4071 non
1078 4006 1315 4097 metaphysica

199 4226 221 4272 1.
239 4243 249 4266 «ι
267 4221 357 4272 Potuit
371 4220 506 4280 absolute;
520 4233 576 4268 non
592 4217 679 4281 potuit
692 4217 875 4282 hypothetice,
892 4232 923 4268 ex
946 4231 1000 4280 quo
1018 4217 1136 4270 decrevit
1152 4219 1244 4270 omnia
1266 4233 1311 4269 sa-

164 4303 336 4367 pientissime
355 4315 433 4365 ogere
453 4303 480 4349 et
498 4300 714 4365 ἁρμονικωτάτως.
732 4317 743 4341 υ
766 4298 839 4349 Gerr.
858 4311 918 4348 avec
938 4299 984 4346 der
1003 4298 1103 4362 Beroea,
1124 4303 1144 4350 t.
1162 4300 1195 4360 11,
1216 4313 1242 4364 p.
1266 4301 1311 4348 496

165 4383 251 4444 (urat.
