2964 4988
189 352 223 403 la
455 353 501 405 DE
526 352 719 406 thtEll'lA'lE
745 352 839 405 APUD
865 351 1067 404 LElBNlTlUM

191 500 408 568 Liberrinrus
431 503 537 584 igitur
556 502 741 568 hominum
758 500 862 568 homo
878 501 1151 591 perfectissimus
1172 522 1231 566 seu
1248 501 1335 589 opti·
1392 555 1394 559 ,

189 640 268 682 mus
282 616 461 683 dicendus,
477 617 616 683 Etenim
631 639 748 683 nonne
760 617 818 683 ille
832 615 920 683 liber
936 616 995 705 qui
1007 638 1172 683 vcrasuaa
1188 615 1335 682 actionis

189 754 292 798 causa
308 740 370 810 est,
389 738 492 820 atque
508 755 548 798 eo
565 733 676 821 magis
692 731 796 799 homo
812 733 961 822 quisque
978 754 1048 798 suae
1061 731 1172 820 ipsius
1187 730 1335 797 actionis

187 869 290 913 causa
306 847 373 914 dici
388 846 489 913 debet
509 870 575 936 quo
591 849 735 936 pronius
755 870 817 914 sua
837 847 1049 936 perfectione
1067 846 1178 913 Deum
1196 845 1239 911 ad
1259 839 1334 911 uuiss

186 984 327 1029 vorsum
350 984 456 1051 seque
479 962 668 1029 creandum
698 963 921 1029 inclinaverit
942 965 982 1028 ut
1005 967 1086 1051 agat
1105 961 1197 1028 sicut
1220 960 1334 1049 reipsa

186 1078 278 1167 agit?

233 1191 320 1260 Cum
336 1198 457 1261 contra
476 1195 569 1261 Deus
585 1195 676 1260 inter
690 1193 867 1284 possibilia
880 1193 1046 1261 universa
1060 1194 1151 1260 male
1168 1199 1332 1281 agentem

188 1309 298 1375 cernit
316 1307 508 1390 hominem,
533 1308 576 1375 ad
596 1332 714 1376 rerum
736 1310 874 1393 seriem,
898 1308 998 1399 cujus
1022 1309 1052 1375 is
1066 1331 1144 1398 pars
1164 1313 1227 1389 est,
1254 1305 1334 1394 reji-

188 1424 347 1491 ciendam
360 1424 563 1507 inclinatur,
580 1447 644 1492 neo
660 1447 741 1492 eum
756 1425 849 1492 bunc
864 1424 899 1490 in
917 1423 1060 1491 modum
1075 1446 1177 1514 agere
1193 1423 1332 1513 permit-

189 1545 275 1607 teret
288 1541 357 1607 nisi
373 1541 407 1608 id
423 1562 564 1608 necesse
580 1546 672 1608 esset
689 1549 725 1608 ut
740 1542 870 1629 optima
884 1562 1000 1617 rerum
1016 1541 1122 1607 series
1139 1540 1329 1606 exsisteret.

187 1655 287 1736 Quod
302 1656 397 1723 enim
418 1657 663 1745 imperfectum
680 1657 883 1746 malumque
900 1661 952 1725 est
969 1662 1107 1746 propter
1122 1655 1212 1722 hanc
1227 1677 1332 1722 unam

186 1773 279 1839 Deus
296 1795 437 1839 causam
457 1773 628 1861 permittit
642 1773 735 1864 quod
751 1772 825 1863 ejus
845 1773 895 1839 rei
911 1773 1113 1839 exsistentia
1133 1770 1215 1839 boni
1231 1793 1334 1860 supe-

187 1887 289 1954 rioris
310 1887 468 1956 condicio
487 1893 550 1955 cst.
574 1887 683 1978 Cujus
699 1889 750 1956 rei
766 1893 805 1955 ut
827 1887 1027 1976 exemplum
1046 1887 1233 1975 proferam,
1251 1886 1280 1952 si
1296 1891 1335 1953 ut

186 2002 306 2070 Monas
337 2004 496 2093 quaedam
525 2004 778 2092 perfectissima
806 2004 961 2085 exsistat,
999 2006 1033 2069 et
1065 2002 1140 2069 aliae
1169 2002 1333 2069 Monades

188 2121 333 2185 omnino
356 2118 565 2207 imperfectae
592 2119 798 2186 necessaria
823 2126 916 2202 sunt,
943 2119 1037 2184 Deus
1064 2118 1127 2185 has
1152 2123 1189 2184 ut
1209 2117 1272 2184 illa
1289 2117 1334 2184 sit

188 2233 353 2301 exsistere
369 2235 557 2322 permittet.
582 2235 618 2301 Si
643 2235 721 2324 quis
746 2235 853 2325 igitur
879 2256 942 2301 cur
965 2232 1071 2301 homo
1096 2234 1223 2323 aliquis
1244 2232 1333 2299 male

188 2371 293 2439 agens
309 2356 425 2416 actum
446 2349 621 2440 quoddam
643 2349 747 2419 faciat
767 2350 971 2440 intellegere
992 2351 1154 2432 voluerit,
1177 2348 1236 2416 ille
1257 2347 1333 2438 ejus

188 2466 374 2547 actionem,
392 2488 463 2533 non
479 2466 594 2533 solum
615 2489 656 2533 ex
676 2488 716 2533 eo
730 2471 833 2555 atque
854 2467 927 2533 Deo
948 2464 1204 2556 cognoscendo,
1220 2463 1280 2532 sed
1300 2469 1335 2531 et

187 2581 266 2649 aliis
281 2581 566 2671 contingentibus
577 2581 678 2650 bonis
692 2582 942 2672 cognoscendis
956 2581 1070 2664 rebus,
1085 2603 1233 2671 quarum
1250 2579 1334 2647 mali

126 2736 128 2741 ·
187 2696 340 2763 hominis
362 2698 452 2764 actio
478 2697 637 2765 condicio
658 2705 731 2764 erat
752 2698 960 2779 necessaria,
984 2697 1155 2785 explicare
1182 2694 1331 2763 debebit.

186 2813 263 2878 Non
279 2814 394 2902 itaque
410 2835 538 2903 magna
553 2836 594 2880 cx
609 2821 718 2902 parte,
736 2819 861 2880 natura
875 2813 951 2903 ejus
966 2813 1200 2894 considerata,
1218 2810 1334 2879 homi-

186 2929 241 2994 nis
261 2928 455 3017 imperlecti
475 2929 565 2995 actio
584 2928 788 3016 explicatur,
811 2927 871 2995 sed
889 2929 1003 3018 potius
1024 2951 1152 3019 magna
1165 2951 1207 2996 ex
1222 2936 1331 3018 parte,

186 3050 311 3111 natura
329 3043 560 3133 quarumdam
575 3044 724 3112 aliarum
740 3049 964 3112 externarum
975 3068 1094 3113 rerum
1110 3046 1332 3134 introspecta,
1406 3037 1408 3040 ’

188 3159 264 3249 ejus
302 3160 450 3228 actionis
483 3161 655 3227 rationem
686 3159 818 3228 reddes.
852 3160 940 3229 Cum
967 3168 1086 3229 autem
1115 3160 1150 3227 id
1181 3158 1333 3226 liberum

188 3275 376 3343 dicendum
390 3276 436 3343 sit
453 3274 553 3365 cujus
568 3276 657 3343 actio
674 3277 823 3344 essentia
839 3275 914 3366 ejus
927 3277 1001 3344 sola
1020 3274 1223 3364 explicetur,
1245 3277 1280 3338 et
1295 3293 1334 3338 eo

188 3390 331 3460 liberior
361 3414 578 3482 unaquaeque
610 3392 655 3458 sit
679 3393 799 3462 Monas
822 3415 890 3482 quo
914 3392 1026 3480 magis
1051 3412 1069 3456 e
1093 3385 1334 3477 cognoscenda

188 3513 314 3576 natura
346 3508 421 3598 ejus
452 3508 542 3575 actio
576 3507 811 3597 intellegatur,
840 3507 1023 3574 Monadem
1057 3526 1231 3594 quamque
1266 3526 1334 3594 quo

188 3624 305 3690 minus
328 3625 371 3690 sit
405 3623 568 3712 perfecta,
596 3644 636 3689 eo
665 3623 784 3689 minus
812 3644 886 3688 esse
913 3620 1060 3688 liberam
1089 3642 1155 3686 nos
1175 3619 1334 3710 judicare

188 3746 335 3829 oportet.
360 3738 447 3807 Cum
468 3744 584 3805 autem
604 3736 830 3825 imperfectus
858 3737 903 3803 sit
927 3735 1033 3804 homo
1054 3736 1112 3826 qui
1134 3734 1227 3803 male
1248 3738 1331 3826 agit,

188 3856 335 3922 minime
350 3854 480 3922 idcirco
496 3854 596 3932 liber,
615 3851 899 3943 quandoquidem
917 3852 1009 3920 male
1029 3853 1111 3942 agit,
1129 3852 1199 3919 dici
1218 3850 1331 3920 debet.

233 3971 334 4055 Quod
360 3968 475 4040 verbis
502 3996 518 4030 «
535 3990 637 4058 agere
655 3996 671 4030 »
695 3973 798 4057 atque
820 3996 835 4030 «
854 3969 926 4056 pali
943 3996 958 4030 a
983 3967 1181 4035 Leibnitius
1204 3968 1334 4056 optime

189 4087 438 4179 significavisse
470 4085 621 4153 videtur.
653 4083 754 4163 Nam,
789 4088 829 4151 ut
855 4084 1003 4152 liberam
1032 4107 1119 4169 esse,
1152 4085 1202 4151 sic
1234 4105 1333 4173 apere

190 4203 374 4272 Monadem
398 4224 478 4271 oum
504 4199 656 4290 perfecta
678 4200 734 4284 sit,
748 4199 830 4290 pati
849 4223 929 4268 vero
956 4223 1036 4268 oum
1065 4201 1110 4267 sit
1131 4198 1333 4290 imperfecta

192 4317 372 4402 declarat3·
391 4339 493 4406 agere
527 4322 645 4383 autem
676 4337 755 4382 cum
785 4315 860 4404 ejus
892 4322 1017 4384 natura
1052 4314 1208 4405 possibili
1242 4315 1332 4380 actio
