2964 4988
414 410 459 463 DE
479 409 626 464 HUMANA
645 408 838 473 DIVINAQUE
858 407 1053 463 LIBERTATE
1274 410 1308 462 43

164 559 355 628 voluntatis
398 560 538 626 intersit
577 560 660 627 satis
698 559 950 650 intellegimus,
993 560 1021 626 si
1044 560 1185 650 quidem
1220 559 1310 625 nihil

164 675 381 743 voluntatem
402 681 560 743 nostram
585 676 653 743 nisi
674 683 776 743 antea
799 676 955 743 divinam
974 674 1212 764 aliquomodo
1235 675 1309 742 sive

165 792 293 881 aliqua,
330 792 403 859 sive
433 791 537 859 nulla
568 814 605 859 re
637 792 841 880 interposita
868 791 1104 859 inclinaverit.
1131 791 1182 858 lta
1214 791 1312 859 abso-

166 907 233 974 luti
247 906 328 974 bcni
345 914 471 975 natura
490 887 770 998 uniuscnjusque
790 913 990 975 nostrorum
1006 914 1169 974 naturam
1190 908 1310 974 decre-

165 1028 281 1090 torum
312 1022 386 1089 sola
423 1023 597 1113 explicare
618 1024 722 1090 valet.
750 1022 819 1091 Sed
838 1046 882 1090 ne
911 1022 992 1089 inde
1022 1022 1165 1112 colligas
1192 1022 1311 1089 minus

165 1141 397 1226 spontaneum
431 1138 628 1205 humanum
664 1161 770 1229 quam
814 1138 974 1207 divinum
1018 1161 1093 1206 esse
1133 1138 1311 1206 decretum

165 1252 327 1321 minusve
355 1255 578 1345 contingens;
601 1236 661 1322 sed
677 1261 711 1322 et
730 1260 964 1345 spontaneum
980 1260 1032 1321 est
1052 1257 1087 1321 et
1105 1254 1312 1341 contingens

166 1397 183 1432 (ι
199 1370 266 1435 alio
282 1360 386 1436 mado
405 1397 421 1432 a
442 1377 546 1461 atque
562 1366 724 1438 divinum
740 1375 792 1438 est
810 1367 1005 1455 decretum3
1024 1370 1310 1461 quandoquidem

165 1483 271 1552 verba
298 1484 431 1568 eadem,
464 1514 480 1547 «
503 1485 675 1553 inclinant
696 1514 712 1548 a
740 1473 891 1554 rationes
918 1486 960 1554 ad
988 1487 1162 1576 agendum
1191 1485 1313 1553 volun-

165 1604 284 1684 tatem,
299 1622 370 1667 non
384 1605 502 1668 autem
519 1629 535 1664 «
547 1601 761 1668 necessitant
773 1631 804 1685 »‚
819 1602 907 1669 etde
923 1602 1041 1688 divina
1054 1611 1086 1668 et
1101 1602 1142 1668 de
1158 1601 1313 1668 humana

164 1716 358 1797 voluntate,
378 1715 525 1784 sednon
541 1739 680 1807 prorsus
696 1716 818 1784 eodem
834 1717 938 1784 modo
953 1740 1036 1786 vera
1051 1721 1145 1784 sunt.

210 1831 316 1898 Pares
335 1832 554 1904 voluntatem
578 1830 772 1900 humanam
792 1817 1018 1924 divinamque
1039 1832 1214 1900 Cartesins
1238 1854 1313 1927 esse

166 1947 292 2031 voluit,
316 1947 401 2014 dum
426 1947 575 2015 liberum
595 1947 782 2016 arbitrium
808 1948 900 2039 quod
926 1976 941 2011 ι(
968 1949 1070 2039 quasi
1098 1946 1312 2016 indivisibile

168 2062 253 2153 quid
285 2069 339 2130 est
363 2090 379 2125 »
403 2064 476 2130 Deo
497 2066 600 2154 alque
627 2061 764 2159 heulini
795 2062 928 2131 tribuit.
954 2062 1162 2131 Consimiles
1192 2063 1314 2130 eodem

167 2177 270 2245 modo
301 2200 358 2245 eas
394 2176 589 2247 Leibnitius
623 2179 737 2247 dicere
778 2180 904 2248 merito
935 2184 1060 2270 potest,
1091 2202 1162 2246 non
1194 2184 1313 2246 autern

169 2295 291 2361 eodem
312 2316 429 2361 sensu.

711 2606 772 2672 111

214 2869 350 2958 Quibus
372 2898 468 2943 nune
482 2875 656 2967 ‚gradibus
676 2873 768 2944 inter
790 2899 826 2944 se
848 2873 988 2945 differre
1002 2875 1207 2960 humanam,
1227 2876 1315 2944 divi-

168 3016 264 3076 nam,
282 2990 571 3082 diversorumque
591 2990 776 3060 hominum
796 2992 993 3061 libertatem
1008 2993 1204 3060 Leibnitius
1224 2993 1316 3060 exis-

169 3110 296 3177 timat?
687 3176 688 3179 ,

212 3212 262 3292 Eo
291 3221 436 3291 liberius
458 3222 733 3312 unumquodque
767 3247 825 3291 eas
852 3247 926 3291 esse
955 3219 1145 3291 arbitretur
1175 3225 1314 3315 quasit

170 3340 384 3432 perfectius:
404 3360 511 3429 quarn
532 3339 742 3406 'sententiam
763 3339 911 3430 explicat
940 3361 1021 3407 cum
1046 3361 1087 3408 eo
1110 3326 1255 3407 liberius
1277 3337 1313 3408 id

170 3479 245 3525 esse
271 3455 451 3523 contendit
474 3477 543 3545 quo
566 3460 679 3521 semet
701 3455 774 3544 ipsa
807 3454 850 3522 ad
879 3435 967 3522 bene
996 3455 1172 3547 agendum
1200 3457 1313 3546 magis

169 3568 388 3640 determinet.

215 3687 307 3769 Quid
330 3687 437 3778 igitur
456 3687 537 3754 inde
561 3707 641 3754 vere
662 3685 837 3777 significet
856 3687 1101 3778 intellegemus
1122 3688 1152 3755 si
1173 3711 1317 3756 sensum

169 3801 267 3872 verbi
295 3800 479 3881 libertatis,
511 3824 606 3886 cum,
637 3807 676 3869 ut
703 3800 787 3870 dicit
817 3802 1026 3890 Leibnitius,
1060 3808 1178 3872 coacto
1211 3805 1336 3893 appo?

168 3919 279 4004 nitur,
296 3919 380 3986 satis
397 3924 499 3986 antea
514 3922 732 4007 compertum
751 3917 988 3987 habuerimus.

213 4150 317 4235 lllud,
331 4150 390 4233 ait,
404 4150 470 4218 hoc
481 4172 586 4218 sensu
597 4149 747 4218 liberum
759 4151 827 4218 dici
841 4149 943 4219 debet
954 4173 961 4218 :
974 4179 988 4213 α
1006 4151 1067 4240 qui
1078 4157 1129 4219 est
1144 4175 1213 4219 une
1226 4154 1316 4221 suite

169 4297 185 4331 «
197 4267 238 4334 de
250 4265 286 4333 la
300 4273 422 4335 nature
432 4266 473 4334 de
487 4266 520 4334 la
540 4265 658 4349 chose,
671 4270 792 4333 autent
802 4265 929 4356 qu’elle
952 4268 1124 4335 renferma
1141 4291 1209 4336 une
1221 4270 1316 4359 puis-

169 4405 353 4452 «sance».
386 4380 520 4464 Quibus
534 4381 650 4451 verbis
678 4382 896 4472 significatur
918 4381 1071 4451 liberum
1093 4406 1181 4469 esse,
1203 4387 1313 4474 priua,
