2964 4988
214 1601 344 1668 Omnes
362 1601 455 1666 inter
470 1600 681 1688 quaestiones
699 1622 785 1689 quas
801 1599 1007 1668 hominibus
1023 1600 1224 1691 philosophi
1241 1623 1320 1689 pro-

168 1738 326 1804 posuere,
358 1714 458 1782 nulla
486 1716 604 1782 forsan
632 1719 738 1782 tantae
764 1714 940 1783 Leihnitio
967 1739 1064 1783 curae-
1086 1717 1153 1784 fuit
1178 1725 1317 1806 quantae

167 1830 301 1920 quaeda
321 1830 431 1898 libero
452 1830 596 1897 arbitrio
614 1830 761 1897 exsistit.
784 1858 800 1892 «
818 1831 884 1898 J’ai
904 1831 973 1899 fort
994 1832 1124 1898 medita
1145 1855 1205 1899 sur
1230 1839 1318 1900 cette

170 1975 185 2006 «
212 1952 325 2013 meme
346 1947 489 2013 matiere
506 1945 547 2012 de
566 1946 601 2012 la
616 1945 740 2013 liberte
756 1946 880 2036 depuis
903 1947 984 2014 bien
1001 1946 1178 2032 d’annees,
1196 1947 1317 2015 scribit

169 2091 183 2122 u
212 2063 271 2129 ille
292 2061 334 2128 ad
357 2061 669 2141 Malebranchium,
684 2061 825 2151 jusqu’a
850 2062 947 2129 avoir
967 2069 1130 2153 compose
1145 2062 1318 2131 la-dessus

169 2207 184 2238 «
211 2201 260 2245 un
281 2176 442 2266 dialogus
459 2200 502 2244 en
518 2177 606 2244 latin
621 2184 641 2244 a
656 2178 755 2244 Paris
769 2201 837 2267 qne
849 2178 886 2268 je
901 2178 942 2244 fis
958 2181 1034 2245 voir
1055 2185 1074 2245 a
1094 2179 1138 2246 M.
1157 2179 1317 2248 Arnauld

169 2323 183 2355 «
211 2295 272 2383 qni
294 2316 338 2360 ne
354 2288 386 2360 le
406 2294 559 2381 mtprisa
586 2294 696 2382 point,
715 2300 748 2360 et
770 2294 906 2384 depuis,
923 2293 985 2383 j’ai
1006 2295 1086 2384 plus
1111 2295 1317 2384 approfondi

168 2439 182 2469 «
211 2411 261 2476 les
278 2409 399 2476 choses
412 2411 432 2473 ¹.
457 2437 472 2470 »
492 2408 765 2476 Adulescentem
785 2409 900 2477 adhuc
917 2433 952 2477 se
971 2411 1013 2477 ad
1032 2410 1130 2478 illam
1149 2411 1317 2500 introspi-

167 2524 327 2592 ciendam
355 2546 429 2591 rem
459 2529 572 2591 totum
596 2525 753 2592 animum
777 2525 970 2592 intendisse
991 2525 1173 2614 profitetur
1196 2528 1318 2594 :sicut
1407 2579 1410 2582 -

167 2641 270 2708 dicit:
286 2671 301 2702 «
318 2641 440 2730 depuis
456 2641 543 2728 l'age
555 2640 597 2707 de
608 2640 758 2730 dix-sept
770 2665 833 2708 ans
850 2648 882 2708 ct
894 2643 1028 2710 moins¹
1040 2671 1068 2709 ».
1083 2642 1154 2710 Nec
1169 2642 1317 2711 dubium

166 2757 253 2846 quin
278 2756 321 2823 ad
345 2779 422 2823 eam
448 2756 693 2825 illustrandam
721 2779 887 2847 magnam
909 2780 1052 2846 operam
1076 2757 1170 2826 haud
1189 2760 1318 2827 frustra

166 2873 361 2939 navaverit.

212 2987 374 3056 Ceterum
405 2991 550 3056 omnino
579 2989 769 3058 notandam
798 2989 1059 3056 Leibnitianam
1089 2991 1130 3056 de
1155 2990 1314 3059 libertate

166 3126 241 3171 esse
262 3106 471 3172 sententiam
489 3106 727 3173 confitendum
743 3109 807 3172 cst.

208 3220 328 3287 Primo
349 3222 455 3304 enim,
474 3220 604 3288 talibus
623 3221 805 3310 principiis
826 3222 990 3310 acceptis
1009 3221 1052 3288 ad
1072 3220 1313 3290 difficultatem
1339 3234 1341 3238 '

165 3358 242 3424 quae
261 3336 303 3403 de
324 3336 482 3404 libertate
507 3337 619 3404 oritur
643 3335 840 3412 Leihnitius
864 3335 1007 3419 accedit,
1035 3341 1075 3404 ut
1091 3337 1224 3403 nemini
1245 3337 1314 3406 for·
1391 3378 1395 3389 2
1466 3324 1475 3331 ”

164 3457 255 3519 tasse
271 3452 364 3518 inter
383 3452 610 3542 philosophos
627 3452 689 3519 illa
708 3452 854 3540 quaestio
870 3452 983 3543 magis
1001 3452 1217 3541 implicatam
1235 3476 1312 3544 per-

166 3567 373 3657 plexamque
402 3591 437 3635 se
474 3567 673 3658 praebuerit.
706 3566 807 3648 Nam,
840 3572 874 3635 et
901 3569 1066 3636 exsistere
1099 3570 1174 3638 sino
1206 3569 1311 3638 dubio

164 3681 357 3750 admodum
377 3683 572 3772 perfectum
595 3684 708 3750 Deum
733 3684 793 3772 qui
811 3685 930 3751 omnia
949 3688 1129 3767 creaverit,
1157 3692 1203 3767 et,
1231 3709 1314 3776 quo·
1387 3727 1389 3730 ·

164 3797 244 3864 dam
268 3820 385 3881 sensu,
411 3800 530 3867 omnia
555 3805 592 3866 in
616 3805 755 3879 natura,
777 3805 816 3865 ut
835 3799 989 3867 Cartesio
1010 3800 1152 3889 placuit,
1175 3798 1315 3870 mecha-

161 3913 242 3979 nice
259 3913 345 3992 lieri,
365 3920 399 3981 et
417 3915 614 3982 libertatem
630 3920 748 3981 tamen
764 3916 999 3982 necessariam
1016 3938 1090 3982 esse
1113 3922 1152 3984 ut
1172 3917 1315 3984 moralis

163 4027 226 4095 illa
241 4028 463 4118 philosophia
482 4029 689 4098 defendatur
711 4052 817 4119 quam
838 4052 955 4097 veram
980 4030 1182 4122 philosophi
1205 4033 1311 4101 chris·

197 4207 218 4253 l.
234 4205 324 4268 Gcrh.,
340 4208 359 4255 t.
374 4206 394 4266 Ι,
407 4221 432 4268 p.
451 4207 496 4256 353
513 4207 603 4269 (1694).

196 4287 219 4333 2.
238 4284 315 4334 Com.
329 4299 389 4336 avec
404 4287 534 4350 Basaaye.
549 4286 638 4347 Gerh.,
652 4289 671 4335 t.
688 4286 734 4347 111,
752 4300 778 4347 p.
793 4287 837 4334 143
855 4286 945 4349 (1706).
