2964 4988
165 339 198 391 26
432 337 478 391 DE
503 335 698 390 LIBERTATE
722 336 817 390 APUD
843 335 1044 390 LElBNlTIUM

168 510 232 555 nec
260 487 351 553 inter
378 486 540 553 «ideas»
565 508 646 553 suas
667 508 744 575 quae
762 514 776 547 κ
802 484 982 575 possibilia
1004 513 1017 546 »
1042 490 1222 553 creaturus
1255 486 1310 567 sit,

67 683 70 688 ¹
169 625 245 692 quae
278 625 362 685 non,
395 604 489 670 Dens
521 602 631 692 eligit,
666 600 765 668 nulla
795 601 922 669 idcirco
952 623 1006 668 res
1033 601 1102 669 alia
1128 609 1231 690 atque
1262 607 1315 667 est

167 741 241 786 esse
258 721 394 808 poterit.
413 720 504 808 Ergo
529 723 589 786 ant
610 719 729 785 omnia
753 718 952 785 necessario
979 717 1052 784 ficri
1077 717 1313 785 confitendum

166 840 229 916 est,
248 840 308 902 aut
322 836 394 901 Deo
414 836 631 902 voluntatem
645 834 832 924 quamdam
848 832 1016 900 attribuas
1027 814 1177 922 oportet.

211 951 283 1016 Deo
299 950 408 1040 igitur
422 949 619 1018 Leibnitius
640 949 745 1017 simul
761 957 795 1016 et
810 949 1028 1016 intellectum
1050 956 1082 1015 et
1097 948 1315 1016 voluntatem

166 1067 280 1132 inesse
295 1071 423 1133 censet.
440 1065 677 1133 Car-tesianam
693 1071 812 1134 antem
828 1066 1049 1147 sententiam,
1068 1065 1152 1132 dum
1168 1066 1240 1132 Deo
1256 1065 1316 1131 tri-

168 1180 245 1248 buit
260 1181 490 1261 intellectum,
503 1186 606 1270 atque
619 1204 690 1249 nna
706 1182 950 1270 Spinozanam,
964 1180 1048 1248 dum
1064 1182 1177 1247 Deum
1193 1180 1316 1248 volun·
1351 1238 1362 1251 ,

167 1302 235 1363 tate
251 1296 326 1364 vult
342 1319 417 1364 esse
433 1302 608 1378 ornatum,
628 1295 750 1386 rejicit.

723 1599 759 1665 ΙΙ

211 1865 336 1948 Qualia
349 1872 466 1936 autem
482 1867 584 1936 illum
596 1867 815 1936 intellectum
827 1866 995 1957 illamque
1009 1866 1227 1935 voluntatem
1238 1891 1313 1936 esse

166 1984 327 2050 statuerit
350 1989 389 2051 ut
417 1984 618 2051 divinorum
645 1990 748 2074 atque
777 1983 857 2051 inde
885 1983 1133 2059 humanorum¹
1151 1990 1313 2051 naturam

166 2097 386 2165 decretorum
416 2100 499 2167 satis
523 2122 774 2189 cognoscamus
798 2099 952 2188 primum
977 2098 1078 2167 nobis
1100 2101 1313 2190 perspicien-

166 2213 250 2281 dum
267 2219 329 2280 ost.

211 2678 365 2746 Omnino
388 2679 579 2768 perfectum
604 2679 823 2747 intellectum
846 2680 1006 2747 divinum
1026 2702 1101 2747 esse
1118 2681 1313 2750 Leibnitius

166 2794 366 2862 arbitratur.
388 2793 487 2875 Quod
503 2795 645 2885 quidem
668 2797 743 2862 sine
763 2795 838 2863 ullo
855 2794 958 2862 dubio
980 2818 1054 2862 esse
1073 2795 1185 2863 debet.
1209 2797 1317 2878 Quid-

166 2909 251 3000 quid
265 2910 360 2977 enim
375 2938 390 2972 o
408 2910 571 2999 perfectio
588 2938 603 2970 »
625 2909 692 2978 dici
710 2914 833 3000 potest,
850 2911 887 2976 in
902 2911 975 2978 Deo
992 2912 1183 3000 perlectum
1200 2914 1314 2981 inesse

167 3006 310 3092 necesse
334 3031 396 3093 est.
418 3024 513 3092 lllud
529 3032 647 3093 autern
666 3054 681 3089 α
698 3026 865 3115 perfectio
882 3053 898 3086 »
915 3026 1042 3094 dicitur
1063 3027 1168 3117 quod,
1188 3034 1225 3096 ut
1244 3029 1316 3118 gal-

166 3140 234 3208 lice
249 3142 444 3209 Leibnitius
461 3140 592 3226 scribit,
609 3170 623 3204 «
638 3147 690 3209 est
706 3142 916 3231 susceptible
931 3142 977 3210 du
994 3142 1132 3210 dernier
1143 3143 1265 3232 degre¹
1283 3171 1312 3208 ».

165 3257 251 3339 Quis
278 3280 380 3347 porro
409 3257 544 3326 dubitet
569 3259 654 3349 quin
680 3259 775 3327 Deus
796 3259 946 3349 perlecto
973 3259 1152 3326 intellectu
1173 3263 1314 3324 ornatus

167 3375 223 3457 sit,
251 3375 531 3442 cumscientiam
552 3375 742 3464 perfectam
761 3398 835 3443 esse
853 3399 953 3465 posse
976 3376 1115 3464 pateat?

90 3488 94 3495 ’
211 3488 303 3570 Quid
322 3496 440 3557 autem
463 3490 676 3574 intellectae,
704 3493 733 3557 si
763 3491 858 3557 ideas
881 3489 1007 3579 quibus
1029 3489 1181 3577 agitatur
1200 3488 1315 3556 detra-

164 3605 268 3688 xeriS,
299 3603 355 3671 vel
380 3605 465 3694 quid
489 3606 689 3673 intellectus
710 3607 770 3696 qni
795 3605 885 3673 nihil
912 3604 1157 3694 intellegeret?
1178 3604 1215 3671 Si
1236 3606 1314 3695 quis

165 3721 259 3787 enim
279 3719 465 3810 intellegit,
487 3720 620 3810 aliquid
644 3722 719 3810 ipso
740 3722 828 3789 lacto
853 3720 1038 3809 intellegit.
1066 3721 1134 3802 Qui
1159 3721 1316 3789 intellec-

162 3842 239 3905 tum
256 3837 415 3927 quemvis
431 3837 506 3904 sine
524 3837 610 3904 ideis
624 3839 805 3925 concipere
820 3842 929 3926 putat,
943 3836 1058 3920 verba,
1073 3843 1111 3905 ut
1126 3837 1173 3905 ita
1188 3837 1313 3919 dicam,

165 3976 226 4043 pro
242 3953 345 4020 rebus
360 3953 499 4044 accipit.
519 3953 606 4021 Cum
630 3954 736 4043 igitur
759 3952 862 4020 rebus
879 3976 964 4043 quas
985 3954 1158 4044 intellegit
1173 3952 1316 4020 divinus

164 4069 364 4137 intellectus
379 4089 452 4135 non
472 4069 625 4159 separari
637 4068 707 4136 nisi
723 4069 894 4137 abstracte
915 4071 1036 4159 possit,
1059 4072 1142 4153 Deo,
1161 4070 1315 4160 primum

161 4381 166 4391 ι
194 4329 217 4378 l.
235 4327 306 4377 Dirc.
323 4327 488 4393 dcmttaplr.
505 4329 608 4389 dorth„
623 4332 644 4380 t.
659 4329 702 4391 IV,
718 4343 744 4393 p.
761 4331 815 4379 42¹1.
