2964 4988
406 397 453 450 DE
474 396 623 450 llUMANA
644 372 835 456 DlVlNAQUll
854 393 1047 448 LIBERTATE
1270 394 1301 443 51

707 733 759 801 IV

206 1009 459 1076 Difficillimum
471 1008 612 1098 quidem
629 1008 804 1076 Leibnitio
820 1013 903 1089 erat,
923 1009 1045 1097 positis
1062 1031 1133 1076 suae
1149 1009 1190 1077 de
1203 1010 1308 1077 liher-

163 1131 232 1192 tate
256 1126 436 1193 sententia
468 1123 704 1192 fundamentis
729 1129 832 1213 atque
856 1123 914 1190 illo
938 1125 1111 1214 principio
1137 1125 1229 1214 quod
1248 1148 1309 1215 pro

164 1247 258 1310 oerto
275 1241 377 1309 habet
394 1269 409 1302 «
434 1245 561 1308 natura
580 1262 653 1307 non
673 1240 756 1307 facit
778 1239 889 1306 saltus
911 1268 939 1321 »,
957 1241 1138 1308 enucleate
1157 1246 1309 1309 statuere

166 1357 293 1447 quihus
317 1357 420 1425 rebus
442 1356 562 1439 tribui,
585 1355 712 1445 quibus
737 1377 818 1423 vero
842 1360 876 1422 et
898 1377 966 1444 qua
991 1355 1033 1422 de
1065 1379 1169 1424 eausa
1190 1357 1310 1447 negari

166 1472 309 1541 libertas
326 1472 477 1540 deberet.

212 1704 314 1771 Haud
338 1703 485 1770 dubium
507 1701 682 1771 Leibnitio
703 1703 841 1770 videtur
863 1704 950 1791 quin
970 1704 1088 1770 omnia
1107 1704 1144 1770 in
1167 1705 1314 1770 materia

169 1826 323 1903 extensa,
352 1819 386 1886 id
414 1824 466 1886 est
495 1819 532 1884 in
557 1818 688 1885 mundo
708 1840 813 1907 quem
834 1819 1045 1908 percipimus
1072 1825 1174 1909 atque
1196 1821 1314 1886 animo

167 1941 344 2019 tenemus
364 1934 450 2002 fiant
469 1933 682 2002 mechanica.
702 1933 794 2000 Illud
810 1933 952 2024 quidem
969 1933 1163 2002 Cartesium
1184 1937 1315 2026 optime

169 2052 402 2134 intellexisse3
437 2073 501 2119 neo
540 2073 622 2117 sane
657 2072 781 2119 verum
814 2050 1103 2119 mechanicarum
1137 2053 1316 2120 actionum
1392 2074 1394 2077 ·

170 2168 344 2236 invenisse
379 2167 604 2258 principium,
635 2189 716 2234 cum
748 2167 978 2256 quantitatem
1008 2173 1123 2236 motus
1157 2167 1317 2235 eamdem

171 2306 308 2372 semper
333 2283 370 2349 in
394 2283 559 2350 universo
589 2303 794 2371 permanere
817 2281 1046 2370 judicaverit3
1068 2289 1103 2349 at
1127 2289 1217 2351 certe
1244 2285 1317 2350 veri

172 2405 304 2489 partem
332 2399 550 2488 suspicatum
574 2419 662 2478 esse,
687 2419 769 2465 cum
800 2396 1001 2465 mechanica
1029 2400 1147 2465 omnia
1177 2400 1213 2465 in
1240 2401 1319 2473 uni-

172 2537 273 2582 verso
296 2513 369 2581 fieri
389 2513 590 2580 asseruerit.
617 2513 707 2579 Eum
726 2534 810 2580 vero
835 2513 934 2602 quasi
958 2513 1081 2580 aforis
1100 2519 1238 2581 tantum
1263 2536 1319 2581 res

172 2630 381 2721 inspexisse,
401 2630 530 2719 quippe
551 2629 610 2717 qui
636 2649 699 2717 pro
722 2627 826 2696 rebus
849 2650 945 2695 mera
966 2629 1198 2718 phaenomena
1222 2652 1320 2698 aoce-

172 2748 273 2837 perit,
293 2750 337 2828 et,
356 2767 436 2812 eum
457 2743 689 2812 mechanismi
709 2743 918 2812 universalis
940 2745 1111 2836 principia
1130 2768 1192 2836 pro
1211 2751 1322 2813 meta-

173 2862 330 2952 physicis
349 2860 553 2929 veritatihus
574 2859 746 2941 admittat,
769 2859 914 2927 omnino
937 2862 1114 2928 erraverit.
1138 2863 1190 2930 Ita
1210 2862 1323 2952 philo-

172 2977 331 3066 sophiam
354 2975 430 3066 ejus
456 2976 544 3042 nihil
565 2974 761 3042 aliudesse
781 2998 887 3066 quam
905 3004 920 3038 «
944 2976 1208 3045 l'antichambre
1227 2979 1268 3045 de
1288 2977 1322 3045 la

173 3122 189 3155 «
205 3093 315 3160 verite
334 3120 365 3176 »‚
392 3096 432 3158 ut
458 3091 488 3157 si
511 3091 591 3181 quis
607 3091 747 3182 penitus
771 3113 827 3158 res
848 3092 1073 3181 introspicere
1100 3094 1136 3159 in
1162 3094 1321 3161 animum

172 3208 332 3290 inducat,
373 3206 632 3296 philosophiam
667 3204 812 3273 alteram
847 3204 1055 3274 Cartesianae
1093 3207 1322 3300 philosophia

174 3324 273 3414 quasi
298 3342 533 3413 superponere
555 3326 710 3410 cogatur.

217 3440 357 3507 Etenim
385 3436 586 3506 Cartesiana
606 3435 647 3502 de
673 3435 915 3503 mechanismo
936 3436 1128 3505 universali
1150 3441 1323 3508 sententia

174 3553 417 3623 tantummodo
445 3575 525 3620 eum
552 3551 594 3618 de
616 3551 764 3618 materia
789 3551 1100 3642 materialibusque
1126 3555 1229 3623 rebus
1252 3558 1325 3646 agi-

174 3675 245 3751 tur,
266 3691 350 3738 vera
370 3690 445 3735 esse
470 3668 619 3736 videtur.
646 3666 740 3748 Quid
762 3673 879 3735 autem
900 3691 942 3735 ex
962 3691 1002 3736 ea
1020 3672 1165 3739 materia
1185 3671 1324 3739 intelle-

176 3785 330 3871 gendum
346 3788 420 3853 est?
435 3785 548 3866 Quam
564 3783 666 3851 modo
683 3812 699 3846 «
715 3806 852 3851 merum
866 3783 1155 3875 phaenomenum¹
1172 3815 1202 3869 u,
1220 3786 1324 3853 modo

178 3930 194 3964 «
230 3901 317 3969 hene
351 3900 554 3967 fundatum¹
594 3927 610 3962 »
641 3899 916 3988 phaenomenum
955 3901 1147 3969 Loihnitius
1186 3903 1270 3969 dicit
1315 3923 1321 3968 :

175 4016 312 4084 nullam
340 4017 436 4085 enim
465 4015 637 4083 unitatem
666 4013 794 4082 habere
820 4015 891 4082 nisi
920 4016 957 4081 in
988 4018 1112 4107 spiritu
1139 4018 1236 4084 illius
1264 4019 1327 4108 qui

177 4155 254 4201 eam
274 4131 457 4223 percipiat;
477 4153 550 4199 non
571 4157 587 4192 «
610 4152 672 4197 ens
700 4158 715 4190 »
733 4152 822 4212 esse,
840 4130 931 4196 sed«
955 4132 1105 4198 semiens
1129 4133 1328 4222 phaenome-

208 4312 232 4360 1.
249 4309 324 4360 corr.
337 4323 400 4360 auec
414 4309 460 4359 des
474 4309 573 4358 Bootes.
590 4307 678 4368 Geth,
692 4308 711 4356 t.
727 4307 759 4367 ll,
771 4321 797 4370 p.
811 4309 856 4356 435
870 4307 964 4370 (1112).

210 4390 323 4451 111111,
343 4389 447 4440 Volder.
463 4389 542 4450 ruia,
557 4403 583 4452 p.
595 4387 700 4438 art-276
715 4386 787 4450 (1101
802 4389 931 4451 nullut).
