2964 4988
383 344 542 400 nonaum
566 343 683 410 ATQUE
707 342 928 400 THEOLOGICA
952 343 1100 400 OBJEGTA
1280 349 1312 401 65

170 493 270 560 «Les
291 494 492 564 substances
517 501 632 564 creees
660 495 855 585 dependent
883 495 925 562 de
949 496 1040 562 Dieu
1070 496 1129 585 qui
1156 495 1206 562 les
1230 519 1313 564 con-

169 635 185 668 «
212 631 310 701 serve
335 618 368 678 et
390 617 505 678 meme
521 612 581 701 qui
603 612 652 679 les
673 612 813 702 produit
832 610 1145 678 coutinuollemeut
1159 634 1221 702 par
1239 635 1311 679 une

170 752 185 786 α
211 726 365 794 maniere
384 727 632 809 d'emanatiom
654 750 789 795 comma
810 749 900 794 nous
917 727 1127 816 produisous
1146 750 1210 793 nos
1231 750 1313 816 pen·

169 868 185 902 «
211 847 318 908 sees¹.
345 869 361 903 ›>
385 842 566 923 Quomodo
590 842 697 933 igitur
719 841 788 909 nisi
805 864 977 910 concursu
993 842 1112 909 divino
1134 842 1310 909 ordinario

167 955 299 1046 aliquid
316 957 522 1041 faceremus
541 958 568 1025 si
590 957 733 1048 quidem
754 957 844 1024 nihil
866 980 981 1047 neque
1002 980 1078 1042 nos,
1101 979 1166 1025 nec
1190 963 1311 1025 ceterae

167 1094 222 1139 res
231 1072 378 1140 facimus
389 1073 458 1140 nisi
473 1075 568 1141 Deus
578 1076 613 1143 vi
629 1091 692 1142 sua
706 1078 739 1140 et
751 1096 816 1140 nos
829 1078 862 1140 et
876 1072 955 1140 illas
970 1078 1178 1143 conservet?
1194 1101 1210 1136 α
1223 1074 1313 1141 Dieu

171 1215 186 1248 «
213 1196 380 1256 concourt
410 1195 430 1255 a
466 1194 542 1258 tout
576 1212 638 1280 par
674 1190 707 1257 ta
736 1189 981 1257 conservation
1013 1189 1226 1279 perpetuelle
1255 1189 1314 1256 des

169 1330 185 1364 «
213 1310 334 1371 btreSR
355 1333 371 1366 u

210 1419 281 1487 Nec
305 1424 358 1487 est
381 1421 604 1488 infitiandum
623 1422 709 1510 quin
730 1423 835 1504 Deus,
854 1419 939 1488 dum
961 1443 1016 1487 ros
1040 1421 1089 1487 sic
1115 1427 1309 1502 conservat,

167 1533 320 1601 hominis
341 1539 511 1626 cujusque
528 1537 725 1604 libertatem
744 1559 817 1604 non
835 1537 1012 1618 immutet;
1030 1558 1124 1618 nam,
1141 1558 1221 1603 cum
1243 1536 1314 1603 Mo-

166 1649 293 1716 nadem
322 1651 512 1739 quamlibet
541 1674 714 1720 concursu
744 1675 807 1720 suo
836 1651 990 1741 adjuvat,
1019 1650 1251 1720 nihilominus
1279 1658 1312 1718 et

166 1765 384 1856 contingens,
416 1773 449 1834 et
487 1775 690 1857 spontanea,
717 1774 750 1835 et
769 1768 990 1857 intellegens,
1017 1767 1163 1856 ideoque
1188 1767 1310 1850 libera,

165 1879 259 1949 illius
280 1882 437 1950 Monadis
463 1885 552 1952 actio
571 1883 718 1975 judicari
743 1883 856 1952 debet.

213 2345 282 2428 Sic,
315 2349 407 2436 quod
436 2348 643 2417 difficillime
672 2356 831 2439 poterant
860 2350 920 2439 qui
949 2350 1101 2416 liberum
1127 2349 1311 2417 arbitrium

167 2460 409 2530 indifferentiae
431 2463 567 2532 homini
586 2464 791 2546 tribuerant,
812 2463 969 2549 ³liberum
1000 2464 1193 2547 hominem,
1222 2465 1312 2533 inte-

170 2599 231 2666 gro
246 2577 333 2662 Deo,
350 2578 546 2647 Leibnitius
565 2603 601 2647 se
621 2580 795 2648 declarare
815 2602 915 2671 posse
931 2580 1131 2648 arbitratur.

630 2852 631 2857 Ν
711 2894 770 2962 rn

207 3153 279 3220 Nec
294 3154 413 3221 minus
429 3152 660 3220 determinata
681 3154 800 3220 omnia
819 3177 906 3237 esse,
922 3155 996 3222 sine
1022 3154 1095 3222 ulto
1116 3156 1189 3222 sive
1214 3154 1310 3222 theo-

165 3267 292 3358 logico,
315 3269 388 3337 sive
403 3267 529 3336 morali
545 3268 780 3350 incommodo,
804 3269 926 3357 positis
950 3270 1134 3360 principiis
1157 3293 1232 3360 quae
1249 3292 1310 3359 pro

165 3385 258 3452 veris
282 3385 455 3475 acceperit
472 3408 508 3453 se
523 3385 697 3452 affirmare
722 3406 822 3474 posse
842 3385 1029 3454 existimat.

209 3849 404 3932 Quomodo,
431 3850 460 3916 si
487 3851 605 3917 omnia
626 3850 857 3918 determinata
877 3852 959 3934 sint,
984 3851 1095 3940 gratia
1119 3851 1248 3935 divina,
1273 3852 1308 3919 id

165 3971 216 4034 est
237 3988 428 4033 concursus
444 3965 583 4032 divinus
603 3967 902 4035 extraordinarius
922 3966 1086 4059 exsistere
1106 3967 1215 4055 possit
1232 3990 1308 4056 per·

166 4082 270 4151 multi
293 4081 446 4170 theologi
461 4087 601 4169 rogant3
618 4103 683 4150 nec
697 4082 869 4150 affirmare
883 4079 1055 4163 dubitant,
1073 4088 1112 4148 ut
1125 4083 1307 4168 miracula,

197 4265 219 4312 1.
235 4263 306 4311 Diae.
323 4261 356 4309 dc
371 4258 487 4324 metaph.
503 4259 592 4319 Gerh.‚
607 4261 627 4308 t.
641 4259 684 4320 lV,
700 4274 727 4324 p.
742 4262 797 4309 ⁴³9.

196 4347 219 4392 Ξ.
237 4343 312 4392 corr.
325 4354 390 4391 auec
404 4337 536 4404 raquelot.
550 4338 638 4398 Geth„
654 4341 673 4388 t.
688 4339 733 4399 111,
747 4354 773 4403 p.
789 4341 836 4388 464
849 4338 942 4402 (troi).

259 4450 383 4500 cnosson.
