2964 4988
502 941 668 1012 CAPUT
699 943 972 1020 SECUNDUM

501 1381 505 1399 ¹
547 1396 587 1465 ‘oa
607 1414 802 1466 νοιυΝτΑτε
824 1416 936 1466 norim

726 1856 741 1922 Ι

209 2098 368 2179 Ut'inte'r
386 2109 623 2177 Cartesianam
647 2114 751 2198 atque
776 2108 1010 2198 Spinozanam
1037 2094 1247 2176 sententiam
1268 2110 1309 2177 de

165 2214 329 2294 humanae
345 2225 535 2293 voluntatis
551 2231 687 2307 natura,
706 2226 754 2291 sic
770 2226 862 2291 inter
880 2210 1121 2292 Cartesianam
1143 2215 1309 2313 S'pinoza-

165 2334 322 2460 numqaie
350 2334 517 2429 placitum
542 2341 583 2407 de
603 2339 731 2409 divinae
759 2337 950 2408 voluntatis
975 2331 1100 2407 natura
1126 2341 1309 2409 Le'ibnitia-

164 2452 250 2526 num
271 2457 312 2525 de
332 2450 396 2524 Dei
416 2450 559 2524 arbitrio
579 2455 705 2546 dogma
728 2449 825 2546 quasi
847 2457 1003 2523 medium
1023 2437 1144 2524 locum¹
1160 2456 1305 2526 obtinet.

157 2560 278 2641 immo
301 2570 465 2641 etiamut
452 2573 635 2640 tCartesii
649 2561 875 2685 Spinozaeque
895 2571 1066 2688 negandis
1088 2572 1128 2639 d'e
1153 2573 1308 2652 humano

166 2676 282 2758 arbit'*
242 2688 308 2757 tn'o
303 2680 558 2779 opinionibus
577 2690 627 2756 sic
647 2686 828 2778 utriusque
842 2672 1012 2795 negandis
1026 2688 1067 2755 de
1078 2687 1196 2756 divino
1216 2689 1309 2757 arbi-

164 2807 231 2873 trio
256 2798 390 2896 placitis
414 2807 565 2874 Leibnit'
543 2813 612 2873 tius
635 2806 811 2895 propriam
835 2828 936 2872 suam
961 2802 1003 2872 de
1033 2798 1155 2873 eadem
1175 2827 1211 2872 re
1231 2828 1308 2873 sen·

78 2965 82 2968 -
164 2912 712 2989 tentiam'oonstituissevidetur.

177 3378 180 3385 ⁴
209 3390 374 3473 Cartesi0,
392 3374 595 3468 ut'homini,
613 3386 664 3454 sio¹
675 3373 755 3454 'er'
766 3372 791 3450 t·
805 3372 955 3455 liberu'in
970 3368 1156 3455 arbitrium
1170 3388 1308 3456 indiffe-

164 3494 287 3574 r'e'ntie
306 3535 321 3568 »
340 3505 455 3573 inesse
475 3497 591 3571 visum
612 3510 674 3572 e'st.
698 3503 797 3586 Quod
819 3493 1013 3572 Leibnitiiis
1029 3490 1308 3573 non'm'odo'tai-

165 3616 341 3692 sum'esse‘
363 3614 552 3706 contendit,
576 3614 824 3690 verumetiam
852 3605 1119 3690 vehementibus
1148 3609 1307 3690 inonsare

165 3735 530 3809 mmmmmm

206 3857 320 3923 Deum
357 3876 431 3921 non
468 3858 605 3921 tantum
648 3874 702 3919 res
740 3854 954 3935 exsistentes,
989 3853 1049 3920 sed
1087 3854 1191 3920 etiam
1215 3854 1308 3942 ipsas

99 3964 107 3983 '
164 3972 403 4040 «essentias»
424 3971 621 4060 ipsasque«
643 3969 803 4035 notiones
821 3990 1025 4036 communes
1049 3997 1064 4030 »
1087 3969 1194 4036 libere
1215 3992 1309 4037 crea-

163 4089 255 4178 visse
273 4085 447 4153 Cartesius
462 4085 572 4174 ponit.
590 4085 710 4174 Itaque
729 4113 744 4146 α
762 4085 942 4174 possibilia
962 4111 976 4144 »
995 4072 1111 4169 etiam,
1127 4085 1308 4176 ipsamque

164 4205 336 4272 rationem
370 4230 385 4264 «
422 4201 659 4290 contingentia
686 4229 702 4262 »
736 4201 928 4267 existimari
962 4200 1098 4267 dehere.
1139 4200 1309 4289 Omnipo-

164 4320 313 4392 tatztiam
331 4319 427 4388 enim
450 4317 515 4385 Dei
537 4338 618 4383 eum
634 4318 693 4409 qui
715 4316 810 4384 aliud
835 4315 1014 4408 quodlibet
1034 4316 1160 4410 dogma
1179 4326 1309 4386 asserat
