2964 4988
168 348 201 399 14
432 345 478 397 DE
504 345 698 416 LlBERTh'l'E
723 327 818 407 APUD
843 344 1045 399 LElBNlTlUM

170 500 298 585 posset,
318 495 396 562 ideo
417 494 611 585 Spinozano
628 495 704 563 tolli
724 494 850 584 placito
869 494 1038 562 moralem
1053 493 1312 584 philosophiam

168 611 362 679 Leibnitius
378 611 566 680 concludit.

208 846 286 912 Non
310 845 418 934 igitur
437 843 526 934 quod
544 843 691 934 justitiae
709 843 870 911 humanae
886 843 1125 925 fundamenta,
1150 841 1210 910 sed
1230 844 1313 933 quia

164 969 198 1027 et
221 960 323 1027 illum
346 989 360 1022 α
382 959 528 1049 justitiae
541 960 707 1049 punitivae
724 987 739 1022 n
758 981 901 1027 sensum
917 965 1060 1044 evertat,
1077 964 1123 1044 et,
1140 982 1209 1026 una
1231 981 1312 1026 cum

164 1076 284 1145 divina
300 1076 450 1167 justitia,
471 1074 544 1143 sola
564 1074 698 1142 refellat
718 1080 925 1166 argumenta
943 1076 1070 1164 quibus
1090 1074 1254 1143 homines
1269 1073 1312 1142 ad

161 1190 255 1280 juste
275 1191 463 1260 vivendum
488 1189 623 1280 impelli
642 1191 783 1280 possint,
799 1191 985 1281 Spinozam
1005 1191 1201 1259 Leibnitius
1217 1191 1313 1258 vitu-

167 1313 275 1398 perat.
288 1307 388 1387 Quod
403 1328 484 1373 vero
494 1305 604 1373 alium
620 1306 779 1395 quemvis
795 1305 1046 1396 philosophum
1059 1307 1179 1374 minus
1195 1305 1313 1375 forsan

162 1446 194 1508 a⁸
207 1422 355 1513 Spinoza
374 1423 567 1505 avertisset,
585 1420 751 1489 Leibnitii
769 1429 888 1491 contra
903 1424 940 1489 in
956 1446 1037 1491 cum
1057 1421 1158 1490 valde
1174 1424 1313 1490 iracun-

167 1538 260 1606 diam
276 1539 397 1607 movit.
417 1538 519 1622 Nam,
535 1561 620 1629 quas
637 1566 651 1600 r
668 1539 819 1606 morales
835 1539 998 1607 veritates
1012 1567 1028 1601 »
1043 1538 1138 1622 dicit,
1152 1537 1313 1606 demons-

168 1662 256 1722 trare
282 1677 421 1743 semper
449 1659 521 1722 tota
550 1677 653 1744 opera
680 1655 875 1723 Leibnitius
901 1661 1047 1724 conatus
1076 1660 1139 1722 est.
1172 1684 1188 1718 «
1217 1654 1313 1744 Coepi

166 1772 354 1861 «ipsemet
391 1771 610 1860 inquisitioni
640 1793 759 1839 rerum
795 1770 1008 1856 incumbere,
1048 1772 1176 1862 inquit,
1214 1775 1312 1838 tanto

167 1915 182 1949 «
209 1887 465 1967 vehementius,
485 1892 614 1976 quanto
636 1886 789 1953 ferebam
810 1887 1050 1976 impatientius
1070 1910 1140 1969 me,
1157 1887 1312 1955 maximo

167 2032 182 2063 «
209 2004 289 2071 vitae
304 2002 410 2086 bono,
425 2001 633 2070 certitudine
649 2002 783 2070 scilicet
797 2003 1000 2070 aeternitatis
1019 2009 1257 2093 postmortem
1278 2008 1313 2071 et

167 2146 183 2180 «
211 2141 270 2207 spe
287 2117 522 2186 beneticentiae
541 2118 578 2183 in
597 2117 707 2184 bonos
728 2140 767 2185 ac
787 2118 991 2186 innocentes
1006 2119 1194 2210 aliquando
1209 2143 1312 2209 appa·

167 2262 183 2296 α
210 2235 343 2318 riturae,
361 2233 464 2324 dejici
479 2255 540 2322 per
555 2232 765 2301 subtilitates
780 2239 990 2303 novatorum
1004 2237 1027 2303 ¹.
1053 2263 1069 2298 n
1087 2235 1132 2303 Et
1154 2235 1312 2325 linguam

167 2349 480 2418 characteristicum
496 2350 730 2416 universalem
746 2350 795 2417 ita
813 2350 1006 2418 moralibus
1025 2352 1130 2421 rebus
1149 2351 1311 2421 idoneam

167 2489 203 2537 se
227 2467 430 2556 quaesivisse
457 2465 637 2554 profitetur
667 2494 683 2528 «
711 2471 750 2533 ut
781 2466 932 2534 sufficiat
960 2467 1047 2534 duos
1079 2467 1311 2557 disputantes,

168 2610 184 2644 u
212 2583 351 2650 omissis
376 2581 562 2651 verborum
590 2582 919 2661 concertationibus,
938 2583 1004 2650 sibi
1028 2585 1179 2651 invicem
1197 2583 1312 2652 dicere

167 2726 183 2761 «
211 2699 446 2767 calculemus¹
474 2726 502 2766 ».
527 2697 624 2768 Unde
647 2702 741 2788 patet
765 2700 978 2788 praecipuam
1000 2699 1166 2767 Leibnitii
1189 2722 1311 2769 curam

166 2816 274 2882 fuisse
297 2821 336 2882 ut
356 2813 547 2881 moralium
567 2814 825 2903 propositorum
852 2837 928 2904 quae
951 2815 1104 2882 maxima
1126 2839 1204 2905 pars
1219 2838 1312 2882 mor-

166 2931 291 2998 talium
312 2952 373 3020 pro
400 2930 490 2996 veris
517 2927 661 3012 ducunt,
688 2929 824 2995 firmam
854 2928 1187 3000 demonstrationem
1213 2932 1313 2998 insti-

165 3052 290 3115 tueret.
323 3044 424 3128 Quod
463 3045 546 3112 satis
575 3067 637 3112 cur
670 3049 766 3112 tanta
797 3045 1017 3114 vehementia
1051 3049 1089 3116 in
1126 3048 1311 3138 Spinozam

166 3165 324 3232 invectus
338 3163 394 3246 sit,
410 3160 453 3229 ad
469 3160 714 3252 explicandum
730 3160 846 3231 valere
861 3185 998 3231 censeo.

212 3627 333 3718 Itaque
350 3625 547 3694 Leibnitius
568 3624 748 3717 hominem
769 3624 878 3692 libero
894 3623 1036 3697 arbitrio
1056 3626 1310 3712 indifferentiae,

167 3750 207 3814 ut
233 3743 420 3826 Cartesius,
447 3743 608 3808 ornatum
629 3761 716 3822 esse,
736 3740 918 3807 admittere
941 3741 1059 3808 animo
1087 3765 1158 3811 non
1180 3749 1310 3832 potest;

167 3860 365 3929 necessario
389 3880 470 3927 vero
498 3878 579 3924 eum
609 3876 722 3945 agere,
752 3861 791 3921 ut
815 3855 976 3944 Spinnza,
1006 3858 1215 3927 contendere
1241 3882 1312 3927 non

168 3980 255 4047 vult.
273 3979 377 4068 Erg0,
399 3980 439 4043 ut
457 3972 649 4042 voluntatis
672 3970 834 4038 humanae
853 3979 1016 4040 naturam
1041 3975 1239 4064 patefaciat,
1260 3975 1313 4042 illi

169 4117 248 4184 quae
273 4092 449 4162 Cartesius
476 4112 515 4158 ac
539 4087 687 4178 Spinoza
710 4088 905 4156 tribuerant
931 4089 1038 4158 simul
1065 4099 1181 4181 negat,
1208 4098 1313 4181 atque

202 4276 225 4322 l.
243 4273 376 4335 Confessio
394 4272 499 4320 nature
514 4270 608 4318 contra
624 4266 763 4317 athelstan
778 4269 865 4329 (terh,
878 4271 897 4318 t.
909 4269 952 4330 lV,
966 4284 996 4334 p.
1009 4271 1063 4319 106.

199 4357 223 4403 2.
239 4352 280 4402 Sc.
296 4350 432 4416 generalis
446 4348 676 4398 characteristica.
686 4347 773 4410 derb„
787 4351 807 4398 t.
820 4349 877 4411 VII,
888 4363 914 4413 p.
929 4352 967 4399 64.
