2964 4988
120 416 122 420 .
219 364 252 416 50
485 364 531 417 DE
556 362 749 416 LIBERTATE
773 362 867 415 APUD
893 360 1093 420 LEIBNlTlUM

216 512 370 602 perfecta
383 519 489 595 esset3
509 512 603 580 unde
623 513 718 580 fieret
732 517 771 579 ut
787 534 866 579 eum
886 512 960 578 Deo
982 512 1057 601 ipso
1077 510 1361 578 confunderetur.

215 626 303 695 (lum
319 634 501 710 autemut
516 630 681 717 perfecta,
696 628 841 695 omnino
858 626 1039 694 distinctas
1057 627 1178 694 Mones
1198 625 1361 717 quaedam

212 745 452 834 perceptiones
478 743 593 826 habet,
617 744 811 833 agitatque
834 742 962 810 idcirco
984 742 1093 810 libera
1109 742 1178 810 dici
1194 747 1306 831 potest
1322 764 1361 808 ac

212 857 329 943 debet;
349 881 427 926 cum
441 881 537 943 ver0,
550 864 590 926 ut
605 859 822 950 imperfecta,
833 881 905 925 non
921 857 1103 927 distinctas
1120 857 1180 925 sed
1197 857 1360 924 confusas

210 974 325 1058 hahet,
342 977 472 1065 patitur
491 958 595 1065 atque
611 973 741 1042 idcirco
762 997 833 1041 non
854 973 962 1041 libera
983 973 1126 1041 dicenda
1146 981 1209 1041 est.
1237 974 1358 1062 ltaque

209 1089 326 1172 mode,
349 1113 431 1158 cum
458 1090 562 1158 claris
591 1113 630 1157 ac
655 1090 830 1157 distinctis
856 1089 943 1156 ideis
966 1090 1116 1172 ducitur,
1143 1095 1220 1157 acta
1249 1089 1358 1156 libere

208 1205 307 1287 facit,
348 1205 463 1287 modo,
495 1229 577 1273 cum
611 1205 784 1288 confusis,
819 1227 899 1272 vere
930 1206 1049 1273 servit.
1086 1204 1216 1271 Eadem
1250 1204 1358 1292 igitur

211 1321 330 1388 Mones
344 1326 421 1388 tum
437 1321 560 1405 libera,
575 1327 651 1388 tum
666 1343 738 1389 non
751 1320 860 1389 libera
876 1326 940 1405 est,
957 1326 1060 1411 prout
1076 1320 1186 1391 claras
1201 1325 1261 1387 aut
1277 1342 1359 1387 eon-

211 1436 305 1504 fusas
321 1437 491 1526 quasdam
506 1439 749 1526 perceptiones
767 1434 883 1505 habet.

256 1553 388 1620 Deinde
402 1553 488 1620 alias
509 1552 649 1637 liberes,
665 1553 752 1621 alias
771 1575 940 1621 veronen
960 1553 1089 1620 liberas
1103 1576 1178 1621 esse
1193 1551 1358 1620 Monades

208 1669 309 1736 nobis
324 1668 506 1736 fatendum
518 1690 592 1737 esse
608 1668 758 1752 videtur,
772 1669 800 1736 si
812 1667 954 1758 quidem
969 1668 1134 1757 permulti
1146 1673 1228 1735 sunt
1239 1668 1358 1734 Mona·
1467 1757 1473 1763 .

208 1784 293 1851 dum
320 1783 480 1874 gradus¹.
509 1784 598 1852 Sunt
622 1785 716 1851 enim
743 1785 856 1873 primo
883 1783 1049 1852 Monades
1079 1784 1256 1874 simplices
1283 1783 1356 1850 sive

207 1899 419 1967 Entelechiae
438 1922 545 1988 purae,
564 1923 640 1991 quae
662 1904 775 1967 totum
800 1900 939 1989 quidem
961 1901 1178 1982 universum,
1202 1899 1261 1967 sed
1277 1921 1358 1967 con-

209 2015 284 2082 fuse
313 2020 452 2083 tantum
475 2016 667 2104 percipiant
692 2036 699 2082 :
727 2015 852 2082 deinde
876 2015 1059 2082 brutorum
1088 2014 1254 2082 Monades
1279 2037 1357 2106 quae

209 2131 460 2198 conscientiam
486 2131 541 2197 sui
566 2135 669 2220 atque
690 2132 956 2198 consecutiones
977 2130 1129 2199 habeant
1151 2154 1236 2222 quae¹
1249 2132 1356 2198 ratio-

207 2269 290 2313 nem
313 2246 513 2328 imitantur3
541 2245 685 2336 posthac
706 2269 791 2336 quas
814 2246 898 2315 dicit
920 2230 1132 2315 substantias
1160 2245 1356 2315 Leihnitius

209 2390 225 2424 «
263 2363 415 2453 Spiritus
443 2391 458 2424 »
489 2384 566 2452 quae
593 2362 703 2429 claras
729 2385 768 2431 ac
797 2362 978 2432 distinctas
1007 2365 1175 2454 quasdam
1203 2363 1359 2454 cogitent

209 2478 321 2560 ideas3
351 2478 501 2568 denique
526 2479 620 2547 Deus
648 2478 758 2546 claras
784 2502 824 2547 ac
850 2480 1029 2548 distinctas
1052 2486 1190 2546 tantum
1214 2501 1354 2569 percep·

209 2597 321 2662 tiones
342 2594 457 2662 habet.
479 2594 555 2662 Hoc
575 2594 726 2662 eflicitur
743 2600 783 2662 ut
803 2595 916 2686 primo
935 2598 1029 2664 Deus
1050 2595 1145 2663 solus
1166 2594 1356 2663 admodum

120 2738 122 2742 ⁴
205 2711 294 2779 liber
308 2711 365 2793 sit,
383 2710 507 2777 deinde
525 2711 676 2799 Spiritus
692 2712 820 2800 partim
836 2710 937 2779 liberi
955 2717 1093 2779 tanturn
1109 2710 1178 2780 dici
1193 2711 1353 2796 debeant,

209 2834 331 2894 ceterae
347 2832 464 2893 autem
479 2824 644 2893 Monades
661 2848 733 2893 non
759 2827 897 2917 proprio
916 2850 1022 2894 sensu
1044 2827 1163 2895 libcrae
1187 2827 1255 2895 dici
1276 2849 1356 2918 pos-

209 2944 290 3025 sint,
316 2963 396 3009 cum
421 2946 500 3030 agat
521 2940 641 3008 Mones
659 2940 817 3030 quaedam
841 2950 1015 3032 quatenus
1036 2942 1198 3011 distincte
1220 2942 1354 3033 aliquid

208 3058 388 3147 percipiat,
414 3055 504 3123 nihil
528 3061 646 3124 autem
667 3057 880 3125 Entelechiae
896 3059 1018 3149 primae
1038 3065 1141 3150 atque
1162 3057 1354 3125 bestiarum

209 3175 336 3241 animae
358 3174 427 3241 nisi
448 3173 593 3241 contuse
619 3174 784 3264 cogitent.

251 3289 336 3358 lnde
370 3290 482 3377 prima
511 3297 563 3356 cst
583 3288 757 3358 Leibnitio
787 3290 884 3357 illius
914 3289 1126 3357 discriminis
1155 3287 1251 3375 origo
1281 3307 1350 3374 quo

207 3406 331 3473 liberas
345 3406 550 3494 divinasque
571 3404 814 3495 humanasque
829 3405 986 3473 actiones
1002 3408 1036 3470 et
1049 3425 1120 3470 non
1137 3400 1245 3468 libera
1260 3405 1353 3468 cete-

208 3543 462 3588 rerumrerum
481 3520 571 3587 facta
586 3520 759 3611 distingui
775 3519 964 3588 contendit.
985 3516 1086 3599 Quod
1101 3539 1195 3585 nunc
1210 3517 1294 3586 satis
1310 3518 1353 3584 ad

209 3636 457 3726 explicandum
472 3633 682 3702 valebimus.

239 3892 261 3940 t.
276 3886 470 3950 Monadotcpie.
480 3863 537 3948 par.
555 3885 583 3932 la
599 3884 614 3932 a
628 3884 668 3933 lt.
