<?xml version="1.0" encoding="UTF-8"?>
<!DOCTYPE html PUBLIC "-//W3C//DTD XHTML 1.0 Transitional//EN"
    "http://www.w3.org/TR/xhtml1/DTD/xhtml1-transitional.dtd">
<html xmlns="http://www.w3.org/1999/xhtml" xml:lang="en" lang="en">
 <head>
  <title>
</title>
<meta http-equiv="Content-Type" content="text/html;charset=utf-8" />
  <meta name='ocr-system' content='tesseract 3.04.00' />
  <meta name='ocr-capabilities' content='ocr_page ocr_carea ocr_par ocr_line ocrx_word'/>
</head>
<body>
  <div class='ocr_page' id='page_1' title='image "./delibertateapud00cresgoog_0089.png"; bbox 0 0 2964 4988; ppageno 0'>
   <div class='ocr_carea' id='block_1_1' title="bbox 203 353 1079 438">
    <p class='ocr_par' dir='ltr' id='par_1_1' title="bbox 203 353 1079 438">
     <span class='ocr_line' id='line_1_1' title="bbox 203 353 1079 438; baseline 0.001 -3"><span class='ocrx_word' id='word_1_1' title='bbox 203 384 237 436; x_wconf 85' lang='lat'>78</span> <span class='ocrx_word' id='word_1_2' title='bbox 306 353 310 360; x_wconf 27' lang='grc' dir='ltr'>Ι</span> <span class='ocrx_word' id='word_1_3' title='bbox 472 383 517 436; x_wconf 82' lang='grc' dir='ltr'>ΒΕ</span> <span class='ocrx_word' id='word_1_4' title='bbox 542 382 735 437; x_wconf 78' lang='lat' dir='ltr'><strong>LIBERTATE</strong></span> <span class='ocrx_word' id='word_1_5' title='bbox 759 384 853 438; x_wconf 80' lang='lat' dir='ltr'>APUD</span> <span class='ocrx_word' id='word_1_6' title='bbox 880 384 1079 438; x_wconf 86' lang='lat' dir='ltr'>LEIBNlTlUM</span> 
     </span>
    </p>
   </div>
   <div class='ocr_carea' id='block_1_2' title="bbox 158 533 1450 2594">
    <p class='ocr_par' dir='ltr' id='par_1_2' title="bbox 158 533 1450 2224">
     <span class='ocr_line' id='line_1_2' title="bbox 205 533 1350 623; baseline 0.002 -23"><span class='ocrx_word' id='word_1_7' title='bbox 205 538 240 600; x_wconf 87' lang='lat' dir='ltr'>et</span> <span class='ocrx_word' id='word_1_8' title='bbox 258 533 372 601; x_wconf 88' lang='lat' dir='ltr'>Deum</span> <span class='ocrx_word' id='word_1_9' title='bbox 394 557 464 601; x_wconf 92' lang='lat' dir='ltr'>non</span> <span class='ocrx_word' id='word_1_10' title='bbox 488 557 607 603; x_wconf 87' lang='lat' dir='ltr'>creare</span> <span class='ocrx_word' id='word_1_11' title='bbox 631 535 785 623; x_wconf 86' lang='lat' dir='ltr'>potuisse</span> <span class='ocrx_word' id='word_1_12' title='bbox 801 545 821 600; x_wconf 85' lang='lat'>¹.</span> <span class='ocrx_word' id='word_1_13' title='bbox 847 562 862 594; x_wconf 91' lang='lat'>«</span> <span class='ocrx_word' id='word_1_14' title='bbox 880 535 909 600; x_wconf 90' lang='lat' dir='ltr'>ll</span> <span class='ocrx_word' id='word_1_15' title='bbox 927 534 1048 601; x_wconf 79' lang='lat' dir='ltr'>n’etait</span> <span class='ocrx_word' id='word_1_16' title='bbox 1073 558 1133 623; x_wconf 89' lang='lat' dir='ltr'>pas</span> <span class='ocrx_word' id='word_1_17' title='bbox 1154 535 1350 602; x_wconf 80' lang='lat' dir='ltr'>necessaire</span> 
     </span>
     <span class='ocr_line' id='line_1_3' title="bbox 202 649 1350 740; baseline 0.003 -26"><span class='ocrx_word' id='word_1_18' title='bbox 202 649 239 714; x_wconf 92' lang='lat' dir='ltr'>ni</span> <span class='ocrx_word' id='word_1_19' title='bbox 255 650 418 716; x_wconf 87' lang='lat' dir='ltr'>essentiel</span> <span class='ocrx_word' id='word_1_20' title='bbox 434 673 501 739; x_wconf 90' lang='lat' dir='ltr'>que</span> <span class='ocrx_word' id='word_1_21' title='bbox 517 651 605 717; x_wconf 89' lang='lat' dir='ltr'>Dieu</span> <span class='ocrx_word' id='word_1_22' title='bbox 627 654 732 732; x_wconf 78' lang='lat' dir='ltr'>creat,</span> <span class='ocrx_word' id='word_1_23' title='bbox 749 651 785 718; x_wconf 92' lang='lat' dir='ltr'>ni</span> <span class='ocrx_word' id='word_1_24' title='bbox 800 649 884 740; x_wconf 88' lang='lat' dir='ltr'>qu’il</span> <span class='ocrx_word' id='word_1_25' title='bbox 900 655 994 717; x_wconf 78' lang='lat' dir='ltr'>creat</span> <span class='ocrx_word' id='word_1_26' title='bbox 1014 673 1051 717; x_wconf 90' lang='lat' dir='ltr'>ce</span> <span class='ocrx_word' id='word_1_27' title='bbox 1068 651 1196 719; x_wconf 90' lang='lat' dir='ltr'>monde</span> <span class='ocrx_word' id='word_1_28' title='bbox 1216 674 1259 718; x_wconf 90' lang='lat' dir='ltr'>en</span> <span class='ocrx_word' id='word_1_29' title='bbox 1274 674 1350 740; x_wconf 92' lang='lat' dir='ltr'>par·</span> 
     </span>
     <span class='ocr_line' id='line_1_4' title="bbox 201 764 1350 854; baseline 0.002 -24"><span class='ocrx_word' id='word_1_30' title='bbox 201 764 356 832; x_wconf 83' lang='lat' dir='ltr'>ticulier²</span> <span class='ocrx_word' id='word_1_31' title='bbox 377 789 410 849; x_wconf 82' lang='lat'>»3</span> <span class='ocrx_word' id='word_1_32' title='bbox 438 771 471 832; x_wconf 90' lang='lat' dir='ltr'>et</span> <span class='ocrx_word' id='word_1_33' title='bbox 491 766 610 832; x_wconf 91' lang='lat' dir='ltr'>omnia</span> <span class='ocrx_word' id='word_1_34' title='bbox 632 788 708 854; x_wconf 82' lang='lat' dir='ltr'>quae</span> <span class='ocrx_word' id='word_1_35' title='bbox 729 766 851 832; x_wconf 88' lang='lat' dir='ltr'>fecerit</span> <span class='ocrx_word' id='word_1_36' title='bbox 870 789 942 833; x_wconf 92' lang='lat' dir='ltr'>non</span> <span class='ocrx_word' id='word_1_37' title='bbox 960 773 1199 833; x_wconf 88' lang='lat' dir='ltr'>ereaturarum</span> <span class='ocrx_word' id='word_1_38' title='bbox 1220 767 1280 833; x_wconf 90' lang='lat' dir='ltr'>sed</span> <span class='ocrx_word' id='word_1_39' title='bbox 1296 767 1350 833; x_wconf 94' lang='lat' dir='ltr'>sui</span> 
     </span>
     <span class='ocr_line' id='line_1_5' title="bbox 200 879 1348 971; baseline 0.005 -27"><span class='ocrx_word' id='word_1_40' title='bbox 200 879 311 968; x_wconf 90' lang='lat' dir='ltr'>ipsius</span> <span class='ocrx_word' id='word_1_41' title='bbox 328 903 446 948; x_wconf 90' lang='lat' dir='ltr'>amore</span> <span class='ocrx_word' id='word_1_42' title='bbox 462 882 603 963; x_wconf 84' lang='lat' dir='ltr'>fecisse;</span> <span class='ocrx_word' id='word_1_43' title='bbox 622 889 655 948; x_wconf 94' lang='lat' dir='ltr'>et</span> <span class='ocrx_word' id='word_1_44' title='bbox 675 883 734 971; x_wconf 91' lang='lat' dir='ltr'>qui</span> <span class='ocrx_word' id='word_1_45' title='bbox 752 882 954 970; x_wconf 77' lang='lat' dir='ltr'>imperfecte</span> <span class='ocrx_word' id='word_1_46' title='bbox 969 889 1049 971; x_wconf 88' lang='lat' dir='ltr'>agat</span> <span class='ocrx_word' id='word_1_47' title='bbox 1064 905 1144 950; x_wconf 90' lang='lat' dir='ltr'>cum</span> <span class='ocrx_word' id='word_1_48' title='bbox 1163 883 1348 971; x_wconf 89' lang='lat' dir='ltr'>perfectius</span> 
     </span>
     <span class='ocr_line' id='line_1_6' title="bbox 199 984 1349 1088; baseline 0.004 -27"><span class='ocrx_word' id='word_1_49' title='bbox 199 1018 300 1085; x_wconf 91' lang='lat' dir='ltr'>agere</span> <span class='ocrx_word' id='word_1_50' title='bbox 323 998 432 1085; x_wconf 90' lang='lat' dir='ltr'>possit</span> <span class='ocrx_word' id='word_1_51' title='bbox 453 996 588 1064; x_wconf 90' lang='lat' dir='ltr'>malum</span> <span class='ocrx_word' id='word_1_52' title='bbox 608 1019 699 1065; x_wconf 89' lang='lat' dir='ltr'>esse:</span> <span class='ocrx_word' id='word_1_53' title='bbox 720 1025 736 1058; x_wconf 94' lang='lat'>«</span> <span class='ocrx_word' id='word_1_54' title='bbox 762 996 850 1064; x_wconf 87' lang='lat' dir='ltr'>C’est</span> <span class='ocrx_word' id='word_1_55' title='bbox 873 997 948 1086; x_wconf 91' lang='lat' dir='ltr'>agir</span> <span class='ocrx_word' id='word_1_56' title='bbox 966 997 1264 1087; x_wconf 87' lang='lat' dir='ltr'>imparlaitement</span> <span class='ocrx_word' id='word_1_57' title='bbox 1282 984 1349 1088; x_wconf 87' lang='lat' dir='ltr'>que</span> 
     </span>
     <span class='ocr_line' id='line_1_7' title="bbox 201 1110 1352 1203; baseline 0.004 -27"><span class='ocrx_word' id='word_1_58' title='bbox 201 1110 312 1200; x_wconf 81' lang='lat' dir='ltr'>d’agir</span> <span class='ocrx_word' id='word_1_59' title='bbox 332 1135 414 1180; x_wconf 85' lang='lat' dir='ltr'>avec</span> <span class='ocrx_word' id='word_1_60' title='bbox 436 1114 552 1180; x_wconf 91' lang='lat' dir='ltr'>moins</span> <span class='ocrx_word' id='word_1_61' title='bbox 580 1113 620 1179; x_wconf 91' lang='lat' dir='ltr'>de</span> <span class='ocrx_word' id='word_1_62' title='bbox 647 1113 857 1202; x_wconf 74' lang='lat' dir='ltr'>perfectione</span> <span class='ocrx_word' id='word_1_63' title='bbox 876 1113 983 1203; x_wconf 88' lang='lat' dir='ltr'>qu’on</span> <span class='ocrx_word' id='word_1_64' title='bbox 1002 1110 1160 1180; x_wconf 66' lang='lat' dir='ltr'>n&#39;aurait&#39;</span> <span class='ocrx_word' id='word_1_65' title='bbox 1173 1137 1231 1202; x_wconf 94' lang='lat' dir='ltr'>pu.</span> <span class='ocrx_word' id='word_1_66' title='bbox 1260 1113 1352 1183; x_wconf 87' lang='lat' dir='ltr'>C’est</span> 
     </span>
     <span class='ocr_line' id='line_1_8' title="bbox 202 1227 1350 1319; baseline 0.003 -27"><span class='ocrx_word' id='word_1_67' title='bbox 202 1233 340 1295; x_wconf 88' lang='lat' dir='ltr'>trouver</span> <span class='ocrx_word' id='word_1_68' title='bbox 360 1235 380 1295; x_wconf 81' lang='lat' dir='ltr'>a</span> <span class='ocrx_word' id='word_1_69' title='bbox 399 1228 547 1297; x_wconf 72' lang='lat' dir='ltr'>rediret</span> <span class='ocrx_word' id='word_1_70' title='bbox 566 1252 615 1296; x_wconf 91' lang='lat' dir='ltr'>un</span> <span class='ocrx_word' id='word_1_71' title='bbox 631 1252 784 1319; x_wconf 83' lang='lat' dir='ltr'>ouvrage</span> <span class='ocrx_word' id='word_1_72' title='bbox 805 1229 888 1295; x_wconf 89' lang='lat' dir='ltr'>d&#39;un</span> <span class='ocrx_word' id='word_1_73' title='bbox 909 1227 1092 1296; x_wconf 79' lang='lat' dir='ltr'>architecte</span> <span class='ocrx_word' id='word_1_74' title='bbox 1110 1253 1176 1318; x_wconf 90' lang='lat' dir='ltr'>que</span> <span class='ocrx_word' id='word_1_75' title='bbox 1193 1235 1350 1298; x_wconf 89' lang='lat' dir='ltr'>montrer</span> 
     </span>
     <span class='ocr_line' id='line_1_9' title="bbox 201 1341 1349 1435; baseline 0.003 -27"><span class='ocrx_word' id='word_1_76' title='bbox 201 1341 288 1432; x_wconf 91' lang='lat' dir='ltr'>qu’il</span> <span class='ocrx_word' id='word_1_77' title='bbox 316 1343 350 1410; x_wconf 90' lang='lat' dir='ltr'>le</span> <span class='ocrx_word' id='word_1_78' title='bbox 380 1345 523 1435; x_wconf 89' lang='lat' dir='ltr'>pouvait</span> <span class='ocrx_word' id='word_1_79' title='bbox 550 1345 637 1412; x_wconf 85' lang='lat' dir='ltr'>faire</span> <span class='ocrx_word' id='word_1_80' title='bbox 662 1345 863 1412; x_wconf 85' lang='lat' dir='ltr'>meilleur⁸.</span> <span class='ocrx_word' id='word_1_81' title='bbox 889 1345 1112 1425; x_wconf 79' lang='lat' dir='ltr'>»Quomodo</span> <span class='ocrx_word' id='word_1_82' title='bbox 1137 1351 1266 1428; x_wconf 84' lang='lat' dir='ltr'>autem,</span> <span class='ocrx_word' id='word_1_83' title='bbox 1293 1345 1349 1412; x_wconf 93' lang='lat' dir='ltr'>his</span> 
     </span>
     <span class='ocr_line' id='line_1_10' title="bbox 201 1459 1350 1551; baseline 0.003 -27"><span class='ocrx_word' id='word_1_84' title='bbox 201 1459 364 1526; x_wconf 89' lang='lat' dir='ltr'>omnihus</span> <span class='ocrx_word' id='word_1_85' title='bbox 381 1460 533 1551; x_wconf 89' lang='lat' dir='ltr'>acceptis</span> <span class='ocrx_word' id='word_1_86' title='bbox 549 1461 665 1543; x_wconf 87' lang='lat' dir='ltr'>rebus,</span> <span class='ocrx_word' id='word_1_87' title='bbox 688 1467 938 1550; x_wconf 82' lang='lat' dir='ltr'>argumentum</span> <span class='ocrx_word' id='word_1_88' title='bbox 958 1461 1052 1551; x_wconf 90' lang='lat' dir='ltr'>quod</span> <span class='ocrx_word' id='word_1_89' title='bbox 1072 1483 1176 1550; x_wconf 91' lang='lat' dir='ltr'>supra</span> <span class='ocrx_word' id='word_1_90' title='bbox 1196 1460 1350 1528; x_wconf 85' lang='lat' dir='ltr'>diximus</span> 
     </span>
     <span class='ocr_line' id='line_1_11' title="bbox 202 1566 1450 1667; baseline 0.002 -26"><span class='ocrx_word' id='word_1_91' title='bbox 202 1577 353 1665; x_wconf 89' lang='lat' dir='ltr'>effugere</span> <span class='ocrx_word' id='word_1_92' title='bbox 375 1580 528 1666; x_wconf 78' lang='lat' dir='ltr'>poterat?</span> <span class='ocrx_word' id='word_1_93' title='bbox 542 1577 681 1645; x_wconf 84' lang='lat' dir='ltr'>Etenim</span> <span class='ocrx_word' id='word_1_94' title='bbox 697 1576 888 1643; x_wconf 88' lang='lat' dir='ltr'>meliorest</span> <span class='ocrx_word' id='word_1_95' title='bbox 902 1599 1008 1667; x_wconf 89' lang='lat' dir='ltr'>agens</span> <span class='ocrx_word' id='word_1_96' title='bbox 1027 1578 1198 1665; x_wconf 87' lang='lat' dir='ltr'>perfectus</span> <span class='ocrx_word' id='word_1_97' title='bbox 1215 1578 1243 1643; x_wconf 93' lang='lat' dir='ltr'>si</span> <span class='ocrx_word' id='word_1_98' title='bbox 1258 1576 1350 1644; x_wconf 88' lang='lat' dir='ltr'>nihil</span> <span class='ocrx_word' id='word_1_99' title='bbox 1444 1566 1450 1573; x_wconf 57' lang='grc'><strong>’</strong></span> 
     </span>
     <span class='ocr_line' id='line_1_12' title="bbox 201 1678 1350 1783; baseline 0.003 -26"><span class='ocrx_word' id='word_1_100' title='bbox 201 1691 391 1759; x_wconf 80' lang='lat' dir='ltr'>admodum</span> <span class='ocrx_word' id='word_1_101' title='bbox 418 1699 512 1760; x_wconf 87' lang='lat' dir='ltr'>creat</span> <span class='ocrx_word' id='word_1_102' title='bbox 540 1678 645 1782; x_wconf 87' lang='lat' dir='ltr'>quam</span> <span class='ocrx_word' id='word_1_103' title='bbox 673 1694 702 1760; x_wconf 90' lang='lat' dir='ltr'>si</span> <span class='ocrx_word' id='word_1_104' title='bbox 736 1694 792 1760; x_wconf 89' lang='lat' dir='ltr'>vel</span> <span class='ocrx_word' id='word_1_105' title='bbox 815 1693 999 1783; x_wconf 86' lang='lat' dir='ltr'>optimum,</span> <span class='ocrx_word' id='word_1_106' title='bbox 1026 1715 1105 1760; x_wconf 91' lang='lat' dir='ltr'>cum</span> <span class='ocrx_word' id='word_1_107' title='bbox 1131 1692 1220 1760; x_wconf 89' lang='lat' dir='ltr'>illud</span> <span class='ocrx_word' id='word_1_108' title='bbox 1240 1692 1350 1760; x_wconf 90' lang='lat' dir='ltr'>haud-</span> 
     </span>
     <span class='ocr_line' id='line_1_13' title="bbox 202 1807 1348 1898; baseline 0 -24"><span class='ocrx_word' id='word_1_109' title='bbox 202 1830 378 1898; x_wconf 85' lang='lat' dir='ltr'>quaquam</span> <span class='ocrx_word' id='word_1_110' title='bbox 408 1809 452 1875; x_wconf 91' lang='lat' dir='ltr'>sit</span> <span class='ocrx_word' id='word_1_111' title='bbox 480 1809 732 1891; x_wconf 87' lang='lat' dir='ltr'>necessarium,</span> <span class='ocrx_word' id='word_1_112' title='bbox 756 1809 963 1878; x_wconf 89' lang='lat' dir='ltr'>universum</span> <span class='ocrx_word' id='word_1_113' title='bbox 992 1809 1087 1888; x_wconf 82' lang='lat' dir='ltr'>facit,</span> <span class='ocrx_word' id='word_1_114' title='bbox 1119 1809 1155 1876; x_wconf 91' lang='lat' dir='ltr'>iu</span> <span class='ocrx_word' id='word_1_115' title='bbox 1186 1831 1255 1898; x_wconf 89' lang='lat' dir='ltr'>quo</span> <span class='ocrx_word' id='word_1_116' title='bbox 1293 1807 1348 1876; x_wconf 93' lang='lat' dir='ltr'>vel</span> 
     </span>
     <span class='ocr_line' id='line_1_14' title="bbox 158 1923 1349 2015; baseline 0.002 -27"><span class='ocrx_word' id='word_1_117' title='bbox 158 2002 160 2006; x_wconf 13' lang='grc' dir='ltr'><strong><em>ι</em></strong></span> <span class='ocrx_word' id='word_1_118' title='bbox 200 1923 392 1991; x_wconf 90' lang='lat' dir='ltr'>minimum</span> <span class='ocrx_word' id='word_1_119' title='bbox 407 1925 541 1992; x_wconf 88' lang='lat' dir='ltr'>malum</span> <span class='ocrx_word' id='word_1_120' title='bbox 562 1925 714 1992; x_wconf 85' lang='lat' dir='ltr'>exsistat.</span> <span class='ocrx_word' id='word_1_121' title='bbox 731 1924 831 2006; x_wconf 86' lang='lat' dir='ltr'>Quod</span> <span class='ocrx_word' id='word_1_122' title='bbox 850 1948 930 1993; x_wconf 90' lang='lat' dir='ltr'>oum</span> <span class='ocrx_word' id='word_1_123' title='bbox 951 1947 1027 1992; x_wconf 90' lang='lat' dir='ltr'>esse</span> <span class='ocrx_word' id='word_1_124' title='bbox 1040 1925 1204 2006; x_wconf 83' lang='lat' dir='ltr'>noluerit,</span> <span class='ocrx_word' id='word_1_125' title='bbox 1226 1947 1349 2015; x_wconf 92' lang='lat' dir='ltr'>parum</span> 
     </span>
     <span class='ocr_line' id='line_1_15' title="bbox 203 2040 1349 2130; baseline 0.002 -25"><span class='ocrx_word' id='word_1_126' title='bbox 203 2060 284 2106; x_wconf 89' lang='lat' dir='ltr'>cum</span> <span class='ocrx_word' id='word_1_127' title='bbox 316 2040 497 2129; x_wconf 82' lang='lat' dir='ltr'>principiis</span> <span class='ocrx_word' id='word_1_128' title='bbox 527 2064 604 2130; x_wconf 81' lang='lat' dir='ltr'>quae</span> <span class='ocrx_word' id='word_1_129' title='bbox 633 2048 810 2129; x_wconf 89' lang='lat' dir='ltr'>acceperat</span> <span class='ocrx_word' id='word_1_130' title='bbox 842 2046 1113 2109; x_wconf 87' lang='lat' dir='ltr'>consentaneam</span> <span class='ocrx_word' id='word_1_131' title='bbox 1147 2041 1349 2130; x_wconf 87' lang='lat' dir='ltr'>opinionem</span> 
     </span>
     <span class='ocr_line' id='line_1_16' title="bbox 204 2144 780 2224; baseline 0.005 -4"><span class='ocrx_word' id='word_1_132' title='bbox 204 2154 399 2224; x_wconf 89' lang='lat' dir='ltr'>Leibnitius</span> <span class='ocrx_word' id='word_1_133' title='bbox 414 2156 611 2223; x_wconf 78' lang='lat' dir='ltr'>defendisse</span> <span class='ocrx_word' id='word_1_134' title='bbox 624 2144 780 2224; x_wconf 55' lang='lat' dir='ltr'>&#39;videtur</span> 
     </span>
    </p>

    <p class='ocr_par' dir='ltr' id='par_1_3' title="bbox 201 2271 1350 2594">
     <span class='ocr_line' id='line_1_17' title="bbox 248 2271 1348 2362; baseline -0.002 -21"><span class='ocrx_word' id='word_1_135' title='bbox 248 2273 401 2341; x_wconf 87' lang='lat' dir='ltr'>Omnino</span> <span class='ocrx_word' id='word_1_136' title='bbox 434 2273 543 2362; x_wconf 90' lang='lat' dir='ltr'>igitur</span> <span class='ocrx_word' id='word_1_137' title='bbox 563 2271 708 2339; x_wconf 90' lang='lat' dir='ltr'>dubium</span> <span class='ocrx_word' id='word_1_138' title='bbox 734 2272 836 2339; x_wconf 89' lang='lat' dir='ltr'>nobis</span> <span class='ocrx_word' id='word_1_139' title='bbox 864 2279 927 2357; x_wconf 86' lang='lat' dir='ltr'>est,</span> <span class='ocrx_word' id='word_1_140' title='bbox 958 2295 1045 2340; x_wconf 90' lang='lat' dir='ltr'>num</span> <span class='ocrx_word' id='word_1_141' title='bbox 1076 2272 1210 2340; x_wconf 90' lang='lat' dir='ltr'>sublato</span> <span class='ocrx_word' id='word_1_142' title='bbox 1238 2273 1348 2341; x_wconf 90' lang='lat' dir='ltr'>libero</span> 
     </span>
     <span class='ocr_line' id='line_1_18' title="bbox 203 2388 1350 2478; baseline 0 -21"><span class='ocrx_word' id='word_1_143' title='bbox 203 2390 356 2457; x_wconf 90' lang='lat' dir='ltr'>hominis</span> <span class='ocrx_word' id='word_1_144' title='bbox 372 2388 528 2472; x_wconf 90' lang='lat' dir='ltr'>arbitrio,</span> <span class='ocrx_word' id='word_1_145' title='bbox 544 2388 678 2456; x_wconf 89' lang='lat' dir='ltr'>malum</span> <span class='ocrx_word' id='word_1_146' title='bbox 695 2389 787 2478; x_wconf 94' lang='lat' dir='ltr'>quod</span> <span class='ocrx_word' id='word_1_147' title='bbox 800 2389 837 2455; x_wconf 90' lang='lat' dir='ltr'>in</span> <span class='ocrx_word' id='word_1_148' title='bbox 852 2389 985 2456; x_wconf 89' lang='lat' dir='ltr'>mundo</span> <span class='ocrx_word' id='word_1_149' title='bbox 1004 2390 1140 2456; x_wconf 85' lang='lat' dir='ltr'>exsistit</span> <span class='ocrx_word' id='word_1_150' title='bbox 1154 2389 1350 2457; x_wconf 90' lang='lat' dir='ltr'>Leibnitius</span> 
     </span>
     <span class='ocr_line' id='line_1_19' title="bbox 201 2505 549 2594; baseline -0.006 -21"><span class='ocrx_word' id='word_1_151' title='bbox 201 2506 290 2574; x_wconf 88' lang='lat' dir='ltr'>bene</span> <span class='ocrx_word' id='word_1_152' title='bbox 311 2505 549 2594; x_wconf 85' lang='lat' dir='ltr'>explicaverit.</span> 
     </span>
    </p>
   </div>
   <div class='ocr_carea' id='block_1_3' title="bbox 748 2816 915 2882">
    <p class='ocr_par' dir='ltr' id='par_1_4' title="bbox 748 2816 915 2882">
     <span class='ocr_line' id='line_1_20' title="bbox 748 2816 915 2882; baseline -0.012 0"><span class='ocrx_word' id='word_1_153' title='bbox 748 2816 806 2882; x_wconf 90' lang='lat' dir='ltr'>III</span> <span class='ocrx_word' id='word_1_154' title='bbox 906 2855 915 2869; x_wconf 82' lang='lat'><em>·</em></span> 
     </span>
    </p>
   </div>
   <div class='ocr_carea' id='block_1_4' title="bbox 200 3083 1350 3754">
    <p class='ocr_par' dir='ltr' id='par_1_5' title="bbox 201 3083 1348 3408">
     <span class='ocr_line' id='line_1_21' title="bbox 244 3083 1348 3174; baseline -0.003 -20"><span class='ocrx_word' id='word_1_155' title='bbox 244 3087 315 3154; x_wconf 90' lang='lat' dir='ltr'>Neo</span> <span class='ocrx_word' id='word_1_156' title='bbox 329 3085 442 3153; x_wconf 91' lang='lat' dir='ltr'>levius</span> <span class='ocrx_word' id='word_1_157' title='bbox 456 3083 543 3152; x_wconf 91' lang='lat' dir='ltr'>illud</span> <span class='ocrx_word' id='word_1_158' title='bbox 555 3087 805 3174; x_wconf 81' lang='lat' dir='ltr'>argumentum</span> <span class='ocrx_word' id='word_1_159' title='bbox 821 3104 896 3149; x_wconf 90' lang='lat' dir='ltr'>esse</span> <span class='ocrx_word' id='word_1_160' title='bbox 912 3083 1051 3150; x_wconf 89' lang='lat' dir='ltr'>videtur</span> <span class='ocrx_word' id='word_1_161' title='bbox 1066 3084 1157 3174; x_wconf 93' lang='lat' dir='ltr'>quod</span> <span class='ocrx_word' id='word_1_162' title='bbox 1172 3084 1348 3152; x_wconf 89' lang='lat' dir='ltr'>Leibnitio</span> 
     </span>
     <span class='ocr_line' id='line_1_22' title="bbox 201 3190 1348 3294; baseline -0.003 -26"><span class='ocrx_word' id='word_1_163' title='bbox 201 3203 358 3294; x_wconf 87' lang='lat' dir='ltr'>plerique</span> <span class='ocrx_word' id='word_1_164' title='bbox 384 3200 588 3291; x_wconf 84' lang='lat' dir='ltr'>objecerunt</span> <span class='ocrx_word' id='word_1_165' title='bbox 615 3206 719 3288; x_wconf 90' lang='lat' dir='ltr'>atque</span> <span class='ocrx_word' id='word_1_166' title='bbox 745 3197 787 3264; x_wconf 93' lang='lat' dir='ltr'>ad</span> <span class='ocrx_word' id='word_1_167' title='bbox 815 3198 1074 3267; x_wconf 87' lang='lat' dir='ltr'>distinctionem</span> <span class='ocrx_word' id='word_1_168' title='bbox 1104 3190 1348 3288; x_wconf 74' lang='lat' dir='ltr'>metaphysica</span> 
     </span>
     <span class='ocr_line' id='line_1_23' title="bbox 203 3316 804 3408; baseline -0.007 -24"><span class='ocrx_word' id='word_1_169' title='bbox 203 3317 417 3408; x_wconf 92' lang='lat' dir='ltr'>moralisque</span> <span class='ocrx_word' id='word_1_170' title='bbox 433 3316 652 3384; x_wconf 87' lang='lat' dir='ltr'>necessitatis</span> <span class='ocrx_word' id='word_1_171' title='bbox 668 3316 804 3382; x_wconf 87' lang='lat' dir='ltr'>attinet.</span> 
     </span>
    </p>

    <p class='ocr_par' dir='ltr' id='par_1_6' title="bbox 200 3429 1350 3754">
     <span class='ocr_line' id='line_1_24' title="bbox 247 3429 1348 3523; baseline -0.005 -22"><span class='ocrx_word' id='word_1_172' title='bbox 247 3432 492 3523; x_wconf 79' lang='lat' dir='ltr'>Metaphysicae</span> <span class='ocrx_word' id='word_1_173' title='bbox 512 3433 585 3498; x_wconf 88' lang='lat' dir='ltr'>sive</span> <span class='ocrx_word' id='word_1_174' title='bbox 609 3432 730 3521; x_wconf 82' lang='lat' dir='ltr'>logicae</span> <span class='ocrx_word' id='word_1_175' title='bbox 750 3430 951 3497; x_wconf 89' lang='lat' dir='ltr'>necessitati</span> <span class='ocrx_word' id='word_1_176' title='bbox 975 3429 1160 3496; x_wconf 88' lang='lat' dir='ltr'>obnoxiam</span> <span class='ocrx_word' id='word_1_177' title='bbox 1181 3451 1348 3498; x_wconf 80' lang='lat' dir='ltr'>asserem</span> 
     </span>
     <span class='ocr_line' id='line_1_25' title="bbox 201 3544 1349 3638; baseline -0.002 -23"><span class='ocrx_word' id='word_1_178' title='bbox 201 3548 301 3638; x_wconf 87' lang='lat' dir='ltr'>cujus</span> <span class='ocrx_word' id='word_1_179' title='bbox 318 3550 534 3615; x_wconf 88' lang='lat' dir='ltr'>contrarium</span> <span class='ocrx_word' id='word_1_180' title='bbox 549 3547 859 3615; x_wconf 89' lang='lat' dir='ltr'>contradictionem</span> <span class='ocrx_word' id='word_1_181' title='bbox 881 3544 1048 3634; x_wconf 80' lang='lat' dir='ltr'>implicet,</span> <span class='ocrx_word' id='word_1_182' title='bbox 1065 3544 1216 3634; x_wconf 76' lang='lat' dir='ltr'>physica</span> <span class='ocrx_word' id='word_1_183' title='bbox 1232 3551 1349 3614; x_wconf 91' lang='lat' dir='ltr'>autem</span> 
     </span>
     <span class='ocr_line' id='line_1_26' title="bbox 200 3659 1350 3754; baseline -0.001 -23"><span class='ocrx_word' id='word_1_184' title='bbox 200 3670 260 3732; x_wconf 94' lang='lat' dir='ltr'>aut</span> <span class='ocrx_word' id='word_1_185' title='bbox 277 3662 509 3754; x_wconf 79' lang='lat' dir='ltr'>hypotheticae</span> <span class='ocrx_word' id='word_1_186' title='bbox 524 3667 583 3729; x_wconf 90' lang='lat' dir='ltr'>aut</span> <span class='ocrx_word' id='word_1_187' title='bbox 598 3662 736 3744; x_wconf 87' lang='lat' dir='ltr'>morali,</span> <span class='ocrx_word' id='word_1_188' title='bbox 755 3659 856 3749; x_wconf 87' lang='lat' dir='ltr'>cujus</span> <span class='ocrx_word' id='word_1_189' title='bbox 871 3660 1086 3726; x_wconf 87' lang='lat' dir='ltr'>eontrarium</span> <span class='ocrx_word' id='word_1_190' title='bbox 1108 3663 1350 3730; x_wconf 88' lang='lat' dir='ltr'>tantummodo</span> 
     </span>
    </p>
   </div>
   <div class='ocr_carea' id='block_1_5' title="bbox 200 3775 1462 3870">
    <p class='ocr_par' dir='ltr' id='par_1_7' title="bbox 200 3775 1462 3870">
     <span class='ocr_line' id='line_1_27' title="bbox 200 3775 1462 3870; baseline 0.001 -25"><span class='ocrx_word' id='word_1_191' title='bbox 200 3810 215 3845; x_wconf 90' lang='lat'>«</span> <span class='ocrx_word' id='word_1_192' title='bbox 238 3779 555 3870; x_wconf 88' lang='lat' dir='ltr'>imperfectionem,</span> <span class='ocrx_word' id='word_1_193' title='bbox 574 3800 636 3844; x_wconf 90' lang='lat' dir='ltr'>seu</span> <span class='ocrx_word' id='word_1_194' title='bbox 649 3775 904 3843; x_wconf 89' lang='lat' dir='ltr'>absurditatem</span> <span class='ocrx_word' id='word_1_195' title='bbox 916 3775 1085 3841; x_wconf 89' lang='lat' dir='ltr'>moralem</span> <span class='ocrx_word' id='word_1_196' title='bbox 1106 3805 1134 3855; x_wconf 74' lang='lat' dir='ltr'>a,</span> <span class='ocrx_word' id='word_1_197' title='bbox 1153 3777 1350 3846; x_wconf 86' lang='lat' dir='ltr'>Leibnitius</span> <span class='ocrx_word' id='word_1_198' title='bbox 1454 3848 1462 3865; x_wconf 40' lang='grc' dir='ltr'>ι</span> 
     </span>
    </p>
   </div>
   <div class='ocr_carea' id='block_1_6' title="bbox 200 3888 1350 4098">
    <p class='ocr_par' dir='ltr' id='par_1_8' title="bbox 200 3888 1350 4098">
     <span class='ocr_line' id='line_1_28' title="bbox 200 3888 1350 3987; baseline -0.003 -21"><span class='ocrx_word' id='word_1_199' title='bbox 200 3902 310 3987; x_wconf 91' lang='lat' dir='ltr'>putat.</span> <span class='ocrx_word' id='word_1_200' title='bbox 344 3896 459 3976; x_wconf 79' lang='lat' dir='ltr'>Quam</span> <span class='ocrx_word' id='word_1_201' title='bbox 489 3893 764 3974; x_wconf 82' lang='lat' dir='ltr'>distinctionem,</span> <span class='ocrx_word' id='word_1_202' title='bbox 797 3888 873 3978; x_wconf 85' lang='lat' dir='ltr'>ejus</span> <span class='ocrx_word' id='word_1_203' title='bbox 900 3890 942 3957; x_wconf 88' lang='lat' dir='ltr'>de</span> <span class='ocrx_word' id='word_1_204' title='bbox 981 3891 1137 3958; x_wconf 90' lang='lat' dir='ltr'>humana</span> <span class='ocrx_word' id='word_1_205' title='bbox 1162 3893 1350 3984; x_wconf 84' lang='lat' dir='ltr'>divinaque</span> 
     </span>
     <span class='ocr_line' id='line_1_29' title="bbox 200 4007 1347 4098; baseline -0.003 -17"><span class='ocrx_word' id='word_1_206' title='bbox 200 4014 363 4082; x_wconf 88' lang='lat' dir='ltr'>libertate</span> <span class='ocrx_word' id='word_1_207' title='bbox 377 4012 544 4080; x_wconf 80' lang='lat' dir='ltr'>doctrinae</span> <span class='ocrx_word' id='word_1_208' title='bbox 560 4009 829 4077; x_wconf 89' lang='lat' dir='ltr'>fundamentum</span> <span class='ocrx_word' id='word_1_209' title='bbox 841 4029 917 4074; x_wconf 89' lang='lat' dir='ltr'>esse</span> <span class='ocrx_word' id='word_1_210' title='bbox 931 4007 1014 4074; x_wconf 88' lang='lat' dir='ltr'>satis</span> <span class='ocrx_word' id='word_1_211' title='bbox 1027 4007 1101 4098; x_wconf 88' lang='lat' dir='ltr'>jam</span> <span class='ocrx_word' id='word_1_212' title='bbox 1118 4010 1347 4078; x_wconf 90' lang='lat' dir='ltr'>ostendimus.</span> 
     </span>
    </p>
   </div>
   <div class='ocr_carea' id='block_1_7' title="bbox 233 4226 936 4452">
    <p class='ocr_par' dir='ltr' id='par_1_9' title="bbox 233 4226 936 4452">
     <span class='ocr_line' id='line_1_30' title="bbox 236 4226 686 4290; baseline -0.009 -12"><span class='ocrx_word' id='word_1_213' title='bbox 236 4234 257 4278; x_wconf 87' lang='lat' dir='ltr'>l.</span> <span class='ocrx_word' id='word_1_214' title='bbox 276 4228 372 4278; x_wconf 70' lang='lat' dir='ltr'>Theod.</span> <span class='ocrx_word' id='word_1_215' title='bbox 388 4229 479 4287; x_wconf 85' lang='lat' dir='ltr'>Gerh.,</span> <span class='ocrx_word' id='word_1_216' title='bbox 494 4231 513 4277; x_wconf 91' lang='lat' dir='ltr'>t.</span> <span class='ocrx_word' id='word_1_217' title='bbox 530 4228 573 4287; x_wconf 82' lang='lat' dir='ltr'>Vl,</span> <span class='ocrx_word' id='word_1_218' title='bbox 589 4241 616 4290; x_wconf 86' lang='lat' dir='ltr'>p.</span> <span class='ocrx_word' id='word_1_219' title='bbox 632 4226 686 4274; x_wconf 73' lang='grc' dir='ltr'>ΞΠ.</span> 
     </span>
     <span class='ocr_line' id='line_1_31' title="bbox 235 4302 936 4368; baseline -0.009 -11"><span class='ocrx_word' id='word_1_220' title='bbox 235 4312 257 4358; x_wconf 83' lang='lat'>2.</span> <span class='ocrx_word' id='word_1_221' title='bbox 274 4308 348 4358; x_wconf 82' lang='lat' dir='ltr'>Gerr.</span> <span class='ocrx_word' id='word_1_222' title='bbox 365 4323 426 4358; x_wconf 87' lang='lat' dir='ltr'>avec</span> <span class='ocrx_word' id='word_1_223' title='bbox 443 4309 525 4358; x_wconf 79' lang='lat' dir='ltr'>Corte.</span> <span class='ocrx_word' id='word_1_224' title='bbox 540 4306 630 4366; x_wconf 73' lang='lat' dir='ltr'>eoru,</span> <span class='ocrx_word' id='word_1_225' title='bbox 645 4309 665 4356; x_wconf 89' lang='lat' dir='ltr'>t.</span> <span class='ocrx_word' id='word_1_226' title='bbox 681 4305 767 4368; x_wconf 82' lang='lat' dir='ltr'>111,p.</span> <span class='ocrx_word' id='word_1_227' title='bbox 784 4305 829 4352; x_wconf 79' lang='lat'>402</span> <span class='ocrx_word' id='word_1_228' title='bbox 845 4302 936 4365; x_wconf 68' lang='lat' dir='ltr'>(lior).</span> 
     </span>
     <span class='ocr_line' id='line_1_32' title="bbox 233 4384 826 4452; baseline -0.01 -15"><span class='ocrx_word' id='word_1_229' title='bbox 233 4394 255 4438; x_wconf 85' lang='lat'>3.</span> <span class='ocrx_word' id='word_1_230' title='bbox 268 4389 340 4438; x_wconf 76' lang='lat' dir='ltr'>Diae.</span> <span class='ocrx_word' id='word_1_231' title='bbox 356 4389 390 4437; x_wconf 87' lang='lat' dir='ltr'>de</span> <span class='ocrx_word' id='word_1_232' title='bbox 405 4391 519 4452; x_wconf 74' lang='lat' dir='ltr'>metaph.</span> <span class='ocrx_word' id='word_1_233' title='bbox 536 4388 623 4449; x_wconf 63' lang='lat' dir='ltr'>Gerlr„</span> <span class='ocrx_word' id='word_1_234' title='bbox 637 4389 655 4436; x_wconf 86' lang='lat' dir='ltr'>t.</span> <span class='ocrx_word' id='word_1_235' title='bbox 676 4385 717 4445; x_wconf 84' lang='lat' dir='ltr'>lV,</span> <span class='ocrx_word' id='word_1_236' title='bbox 731 4399 757 4448; x_wconf 89' lang='lat' dir='ltr'>p.</span> <span class='ocrx_word' id='word_1_237' title='bbox 773 4384 826 4432; x_wconf 78' lang='lat'><strong>428.</strong></span> 
     </span>
    </p>
   </div>
   <div class='ocr_carea' id='block_1_8' title="bbox 0 0 1486 4988">
    <p class='ocr_par' dir='ltr' id='par_1_10' title="bbox 0 0 1486 4988">
     <span class='ocr_line' id='line_1_33' title="bbox 0 0 1486 4988; baseline 0 0"><span class='ocrx_word' id='word_1_238' title='bbox 0 0 1486 4988; x_wconf 95' lang='lat' dir='ltr'> </span> 
     </span>
    </p>
   </div>
  </div>
 </body>
</html>
