2964 4988
111 413 115 419 '
218 397 465 460 Quin-vehunt*
491 396 713 450 LEiBNlTlANA
741 395 783 447 on
808 394 1001 447 crssEn'rAru
1026 392 1217 447 SENTENTIA
1272 393 1302 443 81

165 547 315 614 dictione
336 546 473 636 concipi
499 551 610 636 potest
633 566 639 610 ε
666 545 854 633 quodcum
874 548 979 633 negat
993 541 1202 624 LeihnitiuS,
1221 563 1307 607 num

165 662 248 728 satis
282 684 361 729 cum
383 662 456 728 suis
486 660 669 750 principiis
689 659 921 744 cohaerentem
947 664 1084 724 tueatur
1104 657 1306 746 opinionem

167 799 307 866 prorsus
324 776 472 844 dubium
490 777 642 843 videtur.

208 893 279 959 Nec
294 897 414 959 tamen
430 880 481 958 est
497 891 719 958 infitiandum
744 891 829 980 quin
850 889 947 955 illam
966 888 1151 955 defendere
1171 892 1309 952 seuten-

164 1009 249 1073 tiam
273 1007 407 1089 debeat,
432 1007 717 1097 quandoquidem
742 1006 853 1073 solam
875 1005 1045 1071 moralem
1066 1005 1308 1071 necessitatem

164 1124 202 1189 in
222 1123 353 1190 mundo
374 1123 490 1190 locum
511 1122 669 1190 obtinere
690 1120 878 1189 contendit.
903 1120 1003 1206 Nam,
1030 1120 1058 1198 si
1079 1119 1185 1202 Deus,
1203 1125 1310 1184 meta-

167 1238 342 1328 physicae
355 1239 574 1320 necessitate,
591 1237 723 1305 bonum
735 1237 934 1304 ahsolutum
950 1235 1036 1311 vult,
1052 1257 1147 1323 ergo,
1160 1240 1194 1301 et
1205 1241 1311 1300 mela-

166 1353 309 1442 physica
331 1377 348 1420 e
368 1354 587 1437 necessitate,
610 1354 781 1442 optimum
806 1353 971 1418 exsistere
994 1350 1071 1418 vult
1093 1351 1309 1417 universum.

167 1470 255 1537 Cum
276 1469 385 1559 igitur
406 1491 477 1536 non
502 1493 544 1536 ex
564 1469 637 1536 ulla
659 1469 797 1550 morali,
815 1467 875 1534 sed
897 1490 914 1534 e
936 1466 1175 1557 metaphysica
1193 1487 1313 1532 ncces-

167 1585 266 1652 sitate
287 1607 364 1674 quae
380 1585 416 1650 in
432 1585 598 1654 universo
614 1584 702 1651 fiunt
717 1585 870 1675 ipsaeque
890 1582 1045 1650 hominis
1060 1582 1214 1649 actiones
1231 1603 1314 1671 pen-

169 1700 283 1778 deant,
315 1701 491 1769 evanescit
525 1700 674 1768 duarum
706 1699 955 1767 necessitatum
989 1698 1212 1765 Leihnitiana
1243 1696 1314 1763 dis-

167 1815 300 1883 tinctio.
335 1815 436 1898 Quod
467 1823 586 1909 tamen
619 1815 817 1882 Leihnitius
850 1837 922 1881 non
949 1814 1093 1881 omnino
1129 1835 1188 1902 pro
1218 1817 1312 1880 certo

166 1933 343 2021 accepisse
372 1931 511 2000 videtur
535 1955 615 2000 cum
638 1932 815 2020 scripserit
840 1951 847 1996 :
874 1958 889 1991 «
915 1929 944 1996 ll
969 1953 990 2020 y
1011 1953 1030 1996 a
1052 1952 1095 1996 eu
1116 1928 1176 1995 des
1202 1927 1316 2017 philo-

169 2074 184 2109 «
212 2048 338 2137 sophes
358 2049 417 2138 qui
445 2055 505 2116 ont
529 2053 678 2116 soutcnu
704 2047 789 2137 qu'il
809 2046 867 2136 n'y
887 2068 907 2114 a
926 2047 1002 2113 rien
1021 2045 1062 2113 de
1078 2044 1230 2135 possible
1246 2067 1315 2134 quc

170 2190 185 2224 «
211 2186 249 2230 ce
272 2164 332 2252 qui
351 2165 464 2231 arrivc
489 2165 759 2232 effectivement.
785 2163 830 2229 Ge
856 2168 933 2229 sont
953 2161 1005 2228 les
1028 2169 1160 2229 memes
1180 2161 1241 2250 qui
1257 2167 1318 2227 ont

169 2307 185 2341 «
212 2301 272 2345 cru
301 2302 344 2346 ou
374 2301 421 2370 pu
445 2281 556 2347 croire
581 2303 648 2369 que
681 2285 754 2347 tout
782 2285 833 2346 est
863 2278 1058 2346 necessaire
1081 2277 1314 2344 ahsolument.

170 2423 185 2454 α
215 2392 478 2484 Queiques-uus
490 2402 551 2461 ont
566 2400 618 2462 ete
634 2395 675 2461 de
692 2387 736 2461 ce'
746 2395 936 2461 sentiment
951 2415 1052 2482 parce
1068 2393 1171 2482 qu'iis
1187 2392 1318 2459 admet-

170 2539 186 2571 «
214 2511 323 2577 taient
344 2531 414 2577 une
439 2511 608 2577 necessite
634 2510 735 2577 brute
760 2515 794 2576 et
815 2509 962 2598 avcugle
985 2509 1071 2575 dans
1093 2509 1127 2600 ia
1152 2531 1255 2575 cause
1274 2508 1316 2573 de

170 2655 185 2688 ‹<
214 2625 413 2694 l’existence
433 2625 494 2694 des
511 2625 647 2708 choses
664 2631 697 2693 et
717 2648 755 2692 ce
775 2631 854 2692 sont
870 2648 958 2692 ceux
974 2648 1040 2714 que
1057 2648 1146 2692 nous
1161 2647 1269 2691 avons
1286 2622 1318 2689 lc

171 2771 186 2804 α
214 2742 292 2832 plus
313 2740 403 2831 sujet
422 2742 463 2809 dc
484 2741 686 2810 comhattre.
705 2742 792 2818 Mais
808 2742 831 2807 it
850 2763 929 2832 yen
944 2764 963 2807 a
979 2740 1129 2811 d'autres
1146 2741 1205 2830 qui
1220 2763 1265 2806 nc
1282 2761 1316 2806 se

172 2887 187 2919 u
208 2863 385 2945 trompent
410 2881 479 2947 que
503 2880 604 2947 parce
625 2858 728 2948 qu'iis
753 2857 901 2925 abuscnt
920 2856 980 2925 des
1005 2863 1143 2924 termes.
1161 2855 1208 2922 Ils
1234 2878 1318 2923 con-

159 3001 188 3034 κ(
213 2972 358 3039 tondent
376 2973 410 3038 la
431 2973 600 3040 necessita
624 2974 756 3041 morale
781 2996 863 3042 avec
888 2975 920 3040 la
942 2973 1112 3041 uecessite
1137 2971 1319 3062 metaphy-

171 3115 187 3148 «
214 3088 312 3177 sique
330 3087 397 3154 :ils
417 3085 642 3177 s'imagiuent
661 3111 727 3177 que
741 3089 829 3156 Dieu
848 3111 892 3155 ne
911 3097 1064 3177 pouvant
1084 3109 1256 3177 manquer
1276 3086 1318 3154 dc

170 3232 186 3265 «
212 3203 298 3270 faire
315 3202 347 3270 le
364 3201 492 3285 mieurr,
510 3201 585 3269 cela
601 3202 650 3269 lui
666 3208 721 3269 ote
737 3202 770 3269 la
785 3203 907 3270 liberte
923 3208 957 3270 et
976 3202 1090 3270 donne
1109 3226 1177 3270 aux
1196 3203 1318 3270 choses

171 3347 187 3382 u
213 3325 301 3388 cette
327 3318 497 3386 necessite
526 3340 594 3407 quc
620 3317 670 3383 les
694 3317 925 3407 Philosophes
954 3323 988 3385 et
1011 3319 1062 3385 les
1086 3318 1318 3408 Theologiens

171 3464 186 3496 u
215 3435 353 3504 thchcnt
369 3433 523 3502 d'eviter.
541 3432 574 3500 Il
591 3432 651 3522 n'y
666 3455 688 3499 a
703 3432 829 3522 qu'uac
852 3431 985 3523 disputa
1006 3433 1047 3500 de
1066 3448 1152 3500 mota
1166 3457 1245 3501 over
1266 3457 1318 3500 ces

171 3578 187 3609 (ι
213 3552 417 3630 auteurs-lei,
451 3572 586 3642 pourcu
624 3547 724 3640 qu'ils
755 3548 937 3615 occordent
965 3548 1215 3638 effecticcmcnt
1254 3573 1320 3640 quc

173 3693 188 3724 «
217 3664 301 3731 Dieu
315 3664 436 3732 choisit
451 3678 484 3732 et
491 3666 600 3754 fuitle
615 3665 800 3732 meilleur¹.
815 3693 830 3726 »
842 3663 883 3730 ld
899 3687 1079 3755 perperam
1096 3687 1170 3733 esse
1186 3665 1318 3733 dictum

171 3801 236 3846 nos
257 3779 400 3869 quidem
424 3780 646 3847 arbitramur.
669 3781 857 3848 Enimvero
882 3780 912 3846 si
938 3780 1178 3870 metaphysica
1197 3803 1320 3848 neces-

171 3894 273 3962 sitate
296 3892 429 3961 honum
456 3892 657 3961 ahsolutum
686 3903 788 3986 atque
823 3896 995 3985 optimum
1025 3896 1198 3962 mundum
1224 3897 1319 3963 Deus

171 4010 258 4092 vult,
301 4009 468 4077 continuo
503 4010 742 4100 metaphysice
775 4012 1013 4079 necessarium
1047 4017 1204 4078 nostrum
1243 4013 1324 4096 uui-t

171 4147 313 4195 versum
341 4129 405 4206 est,
423 4123 551 4214 quippe
576 4123 669 4212 quod
689 4126 861 4213 optimum
885 4125 1029 4213 quidem
1045 4127 1102 4210 sit,
1125 4127 1185 4194 sed
1205 4127 1319 4194 solum

206 4386 229 4433 1.
248 4383 344 4433 Theou.
357 4381 446 4440 Gerh.‚
462 4383 481 4431 t.
498 4380 540 4440 Vl,
553 4394 577 4442 p.
594 4381 648 4428 211.

270 4490 392 4540 Cnssson.
