2964 4988
540 932 704 1003 CAPUT
735 930 963 1002 TERTIUM

448 1348 490 1399 ῠΕ
512 1348 650 1398 ΗΙΙΜΑΝΑ
672 1346 852 1409 utriusqus
874 1345 1049 1396 ΙΙΒΕΗΤΑῘΕ

327 1646 381 1686 GUR
399 1644 550 1684 Lurnulrms
569 1643 621 1684 1)Εο
640 1643 731 1690 aron!
749 1643 846 1684 florum
865 1642 1034 1702 munusturi
1051 1641 1168 1682 rursum

533 1743 644 1782 cumnis
662 1743 752 1782 aurbu
770 1742 856 1782 REBUS
875 1741 961 1781 ulrum

738 2090 753 2156 Ι

214 2341 409 2433 Nunquam¹
425 2341 572 2408 fortasse
597 2339 726 2408 clarius
755 2361 854 2406 suam
880 2343 922 2409 de
952 2341 1107 2408 humana
1127 2338 1314 2428 divinaque

170 2457 329 2526 libertate
359 2457 568 2524 sententiam
600 2456 794 2524 Leibnitius
820 2457 996 2547 professus
1021 2463 1073 2524 est
1098 2478 1203 2546 quam
1234 2477 1316 2522 cum

171 2574 243 2641 baec
259 2574 437 2664 proposita
451 2573 590 2662 scripsit
614 2594 621 2639 :
645 2602 661 2635 (ε
681 2573 718 2641 Si
733 2572 803 2641 l'on
819 2596 948 2663 oppose
963 2573 1050 2640 libre
1065 2579 1085 2639 a
1104 2572 1313 2655 necessaire,

170 2718 185 2752 «
211 2689 236 2756 il
257 2689 346 2756 n'est
372 2695 469 2757 autre
493 2689 598 2757 chose
624 2711 691 2779 que
718 2710 756 2755 ce
781 2689 841 2777 qui
863 2696 915 2757 est
936 2690 1153 2777 contingent,
1179 2709 1315 2778 pourvu

171 2833 186 2866 n
213 2804 299 2895 qu'il
315 2826 351 2871 se
374 2805 465 2870 fasse
483 2805 619 2871 ensuite
636 2804 677 2870 de
692 2805 727 2871 la
746 2801 986 2871 deliberation.
1004 2804 1041 2871 Si
1061 2827 1105 2871 011
1129 2805 1316 2895 l'opposeb

169 2947 184 2982 «
212 2920 246 2986 la
262 2921 468 3002 eontrainte‚
486 2918 574 2986 libre
595 2924 647 2986 est
666 2941 736 2987 une
752 2920 841 2986 suite
858 2918 899 2987 de
915 2920 949 2987 la
962 2926 1085 2988 nature
1099 2921 1141 2988 de
1157 2909 1191 2988 la
1209 2920 1314 2988 chose

169 3063 184 3096 «
212 3041 335 3103 autent
349 3034 476 3125 qu’elle
492 3034 647 3103 enferme
672 3057 742 3102 une
763 3035 960 3124 puissance,
978 3044 1023 3121 et,
1040 3060 1084 3105 en
1103 3059 1141 3104 ee
1158 3058 1250 3116 senS,
1269 3056 1314 3100 on

170 3178 186 3213 α
214 3158 265 3219 est
284 3149 440 3219 d’autant
455 3151 534 3240 plus
554 3150 640 3218 libre
664 3151 769 3241 qu'on
793 3158 846 3219 est
862 3151 941 3242 plus
963 3151 1155 3220 determine
1184 3149 1225 3216 de
1246 3148 1313 3214 sei-

169 3295 185 3329 «
212 3275 327 3335 meme
352 3273 371 3334 a
392 3268 474 3335 bien
493 3267 591 3335 faire.
613 3268 653 3335 Je
677 3268 770 3335 tiens
789 3291 856 3357 que
877 3268 974 3339 Dieu
986 3272 1020 3334 et
1043 3288 1133 3333 nous
1159 3285 1312 3331 sommes

169 3410 185 3444 α
211 3382 330 3466 libres,
343 3406 403 3449 suo
417 3382 562 3473 quisque
574 3382 687 3465 mede,
700 3383 742 3451 de
754 3388 869 3450 tentes
881 3405 937 3449 ces
951 3380 1042 3448 deux
1055 3381 1190 3463 fanone
1206 3380 1313 3448 entie-

169 3525 184 3559 «
212 3504 359 3582 rement,
376 3500 516 3566 suivant
530 3498 564 3565 la
578 3499 760 3588 premiere,
776 3503 810 3565 et
825 3503 845 3564 a
859 3519 998 3564 mesure
1014 3497 1055 3564 de
1068 3502 1167 3565 notre
1183 3496 1312 3587 perfec·

167 3641 184 3677 «
211 3614 296 3698 tion,
321 3615 463 3682 suivant
484 3612 518 3680 la
539 3612 704 3680 seconde¹
723 3641 752 3679 ».
777 3612 863 3693 Quis
884 3619 1002 3680 autem
1023 3612 1165 3681 illarum
1188 3615 1318 3681 sensus

167 3729 451 3798 enuntiationum
468 3729 511 3795 sit
527 3727 701 3817 explicare
715 3750 810 3796 nune
829 3726 930 3797 nobis
945 3729 982 3795 in
998 3734 1163 3819 promptu
1179 3735 1242 3797 est.

209 3964 305 4044 Tres
336 3968 376 4029 ut
403 3983 485 4030 vera
509 3959 635 4042 dicam,
666 3983 684 4028 e
709 3961 882 4051 prioribus
912 3962 1098 4051 propositis
1128 3961 1309 4030 sententiae

165 4079 300 4148 extrahi
317 4099 417 4168 posse
434 4075 607 4159 videntur,
626 4077 719 4145 inter
741 4100 827 4169 quas
844 4079 957 4167 prima
975 4077 1017 4146 ad
1037 4077 1308 4145 similitudinem

195 4305 217 4353 Ι.
236 4302 308 4353 Gerr.
322 4316 384 4353 avec
399 4301 520 4350 Burnett.
535 4300 607 4349 Gerh
620 4337 626 4359 ‚
640 4301 660 4349 t.
676 4300 722 4360 ΙΙΙ,
737 4315 764 4365 p.
780 4303 823 4351 168
839 4301 929 4366 (1695).
