2964 4988
381 365 426 420 DE
450 365 598 420 llUMANA
624 365 816 431 DIVINAQUE
841 366 1034 420 LIBERTATE
1244 365 1278 419 55

137 516 239 584 dibus
250 541 336 608 quas
352 544 368 580 «
386 517 536 608 Spiritus
553 546 568 579 »
586 517 672 584 dicit
686 517 771 583 solis
788 517 932 584 omnino
943 522 1062 605 aptum
1079 539 1153 585 esse
1167 524 1277 608 putat.

137 632 224 700 Cum
244 635 339 701 enim
357 633 634 722 intellegentiam
657 655 732 700 esse
752 631 925 700 libertatis
948 632 1104 700 animam
1130 639 1279 701 asserat¹

137 748 261 840 hisque
271 750 386 818 verbis
396 750 593 817 libertatem
605 749 778 838 designet:
795 777 810 811 a
823 747 966 816 libertas
978 754 1030 815 est
1044 750 1281 840 spontaneitas

141 893 156 928 a
168 865 400 957 intellegentis
410 877 451 950 »‘,
465 865 526 932 tali
538 856 715 955 proposito
724 872 757 932 et
767 865 877 932 brutis
889 869 923 931 et
933 864 1171 949 materialibus
1180 864 1283 932 rebus

138 1004 280 1049 omnem
307 983 506 1049 libertatem
528 981 630 1049 tollit.
650 982 739 1048 Nam
759 981 1000 1071 intellegentia
1020 982 1056 1047 in
1075 981 1283 1049 Monadibus

137 1120 218 1166 cum
246 1097 347 1166 clarae
378 1098 620 1187 distinctaque
647 1096 735 1164 fiunt
769 1098 1010 1187 perceptiones
1039 1120 1115 1165 esse
1144 1097 1282 1188 incipit,

137 1219 240 1303 atque
260 1213 322 1282 ille
342 1213 587 1282 tantummodo
608 1213 782 1304 intellegit
802 1213 862 1303 qui
888 1213 1037 1302 Spiritus
1063 1217 1126 1299 cst,
1150 1213 1286 1282 scilicet

139 1331 390 1421 principiorum
410 1331 572 1399 conscius
592 1336 644 1398 est
663 1352 740 1421 quae
762 1330 825 1398 sub
846 1330 990 1397 rationis
1010 1330 1153 1398 nomine
1173 1329 1285 1420 impe-

137 1453 239 1516 rant:
263 1475 280 1509 r
310 1448 429 1537 ltaque
450 1446 542 1537 quod
567 1451 800 1537 spontaneum
826 1446 933 1512 estin
956 1445 1059 1513 bruto
1079 1445 1136 1516 vel
1156 1446 1192 1512 in
1217 1446 1284 1513 alia

137 1590 153 1624 «
179 1561 373 1630 substantia
393 1562 594 1631 intellectus
609 1568 759 1651 experte,
778 1561 814 1628 id
830 1562 866 1627 in
886 1561 1030 1629 homine
1047 1561 1103 1630 vel
1115 1561 1184 1628 alia
1204 1561 1285 1629 sub-

137 1705 153 1740 «
181 1679 308 1746 stantia
343 1679 569 1768 intellegente
603 1678 707 1746 altius
736 1678 889 1767 assurgit
917 1684 950 1745 et
983 1678 1135 1746 liberum
1164 1679 1284 1768 appel-

137 1822 153 1855 «
182 1794 295 1863 lalur³
317 1823 347 1861 u.

183 2026 252 2094 Cur
278 2030 408 2108 autem,
439 2025 562 2094 ceteris
586 2024 794 2093 Monadibus
818 2031 995 2114 negatam,
1027 2026 1077 2092 sic
1100 2025 1284 2116 Spiritibus

139 2141 223 2209 solis
237 2141 433 2210 libertatem
447 2141 644 2209 Leihnitius
660 2141 803 2225 tribuat,
821 2139 898 2208 duae
911 2141 1063 2209 rationes
1079 2164 1154 2209 esse
1166 2140 1286 2209 viden-

141 2262 200 2325 tur
220 2279 394 2346 :quarum
415 2280 523 2324 unam
543 2263 721 2324 externam
745 2263 778 2323 ct
797 2257 898 2345 qnasi
923 2256 966 2324 ad
990 2257 1161 2346 populum
1186 2255 1283 2325 dixe-

137 2373 262 2457 rimus,
286 2373 394 2440 altera
420 2376 540 2446 contra
563 2371 774 2439 firmissimis
797 2371 998 2462 philosophi
1022 2372 1133 2439 nostri
1151 2373 1285 2463 opinio·

138 2511 225 2556 num
241 2488 420 2577 principiis
441 2487 637 2577 respondet.

182 2720 268 2802 Qua
288 2727 430 2788 externa
449 2725 501 2788 est
520 2719 623 2787 facile
639 2719 868 2810 intellegitur.
887 2719 990 2804 Nam,
1013 2742 1094 2789 cum
1114 2720 1156 2789 ab
1178 2721 1282 2790 intel-

29 2909 33 2916 ,
139 2839 292 2927 legentla
327 2836 620 2926 spontaneitatem
650 2837 912 2926 contingentem
945 2837 1112 2928 compleri
1145 2838 1284 2906 Leihni-

138 2954 210 3020 tius
226 2951 406 3019 contendit
420 2957 459 3018 ut
479 2951 621 3019 libertas
637 2951 725 3036 fiau,
743 2951 872 3019 talibus
891 2951 1008 3022 verbis
1026 2976 1068 3021 ex
1087 2953 1161 3021 sola
1178 2954 1283 3022 intel-

139 3067 303 3158 legentia,
321 3072 355 3134 et
370 3065 546 3157 judicium
566 3072 600 3135 et
619 3068 922 3137 ratiocinationem
942 3073 976 3135 et
995 3067 1283 3138 deliberationem

138 3185 231 3252 unde
248 3183 382 3251 oriatur
398 3182 554 3267 selecti0,
576 3185 671 3251 nasci
685 3207 786 3275 posse
807 3185 1000 3252 confirmat.
1019 3183 1117 3265 Quod
1140 3185 1283 3274 quidem

139 3300 324 3391 permultis
340 3299 427 3366 locis
446 3298 609 3384 intendit,
626 3322 707 3367 cum
723 3298 844 3368 scribit
862 3320 869 3366 :
886 3328 902 3360 «
921 3300 985 3390 ily
1005 3322 1026 3367 a
1040 3299 1082 3366 de
1097 3300 1130 3367 la
1145 3301 1283 3368 contin-

139 3446 155 3479 «
182 3438 290 3507 genoe
306 3415 391 3483 dans
417 3415 514 3482 mille
535 3416 669 3483 actions
694 3416 735 3485 dc
760 3417 793 3484 la
816 3421 952 3499 nature,
974 3416 1062 3483 mais
1090 3416 1229 3506 lorsque
1253 3417 1283 3485 lc

139 3561 155 3595 (ι
174 3533 355 3624 jupement
373 3531 431 3622 n’y
448 3537 501 3600 est
520 3533 619 3622 point
638 3532 724 3600 dans
741 3530 831 3601 celui
852 3532 911 3622 qui
927 3531 1010 3622 agit,
1029 3532 1055 3598 il
1075 3530 1133 3623 n’y
1150 3555 1170 3600 a
1185 3534 1283 3623 point

166 3740 189 3788 1.
207 3737 301 3786 Tbe'cd.
315 3735 403 3797 Gerh.‚
420 3739 440 3787 t.
456 3737 544 3802 Vl,'p.
557 3738 611 3787 288.

166 3819 189 3866 2.
206 3818 242 3865 De
258 3816 389 3866 libertate.
404 3816 498 3880 Gerh.‚
511 3820 530 3867 t.
546 3818 601 3879 VII,
618 3833 643 3882 p.
657 3820 710 3868 108.

167 3901 190 3947 3.
205 3896 273 3946 lbid.

166 3981 189 4026 t.
206 3977 242 4026 La
256 3977 352 4026 liberte
370 3977 488 4028 consiste
507 3978 574 4028 dans
594 3995 600 4028 :
620 3999 631 4022 α
650 3979 839 4042 l'intelligence
854 3978 902 4042 qui
919 3978 1066 4041 envcloppe
1084 3992 1136 4027 une
1157 3978 1283 4028 connais-

136 4071 216 4107 sance
227 4056 356 4107 distinctc
368 4056 401 4107 de
411 4056 503 4121 l'objet
511 4057 543 4107 de
555 4058 581 4107 la
596 4058 782 4121 deliberation,
793 4059 861 4108 dans
870 4059 898 4108 la
908 4058 1079 4121 spontaneite
1091 4071 1155 4107 avec
1167 4057 1283 4120 laquelle

135 4152 205 4187 nous
219 4151 289 4187 nous
300 4136 495 4199 determinem,
506 4140 533 4188 et
545 4137 613 4188 dans
626 4139 652 4189 la
666 4140 855 4203 contingence,
869 4137 1030 4187 c'est-d-dire
1044 4137 1111 4187 dans
1126 4137 1282 4188 l'cxclusion

136 4218 168 4268 de
183 4219 210 4268 la
223 4217 357 4267 necessita
367 4217 475 4281 logique
492 4220 519 4268 et
535 4219 753 4283 metaphysique.
770 4218 969 4281 L‘intelligence
983 4220 1024 4267 est
1036 4231 1141 4267 comme
1156 4218 1234 4268 l'ame
1249 4218 1282 4268 dc

135 4299 162 4349 la
175 4299 280 4359 tibertt,
294 4299 322 4347 et
342 4297 367 4348 le
390 4301 462 4348 reste
476 4311 510 4347 en
524 4300 567 4348 est
583 4312 689 4348 comme
711 4306 736 4348 te
759 4312 837 4362 corps
852 4312 888 4347 ou
907 4298 933 4347 la
952 4298 1017 4348 base
1036 4319 1057 4347 ».
1077 4297 1173 4348 Theou.
1189 4298 1279 4359 Gerh.‚

135 4381 156 4428 t
171 4379 215 4440 Vl,
230 4393 256 4443 p.
272 4379 326 4427 288.
