2964 4988
413 361 458 414 DE
478 362 627 416 HUMANA
646 363 840 427 DIVINAQUE
860 361 1056 417 LIBERTATE
1276 363 1309 415 35

164 507 329 578 humanae
350 516 454 600 atque
478 511 604 581 divinae
626 513 818 580 voluntatis
844 513 978 596 attinet,
998 535 1089 594 eum,
1109 534 1151 579 ex
1172 518 1309 578 antece-

164 623 326 693 dentibus
342 626 454 708 dietis,
469 611 758 718 concludipossit
773 628 983 696 contendere
998 627 1214 696 Leibnitium
1230 650 1311 694 oon·
1407 631 1416 645 ‘

164 741 335 831 tingentia
357 748 627 837 spontaneaque,
653 745 813 835 quamvis
834 766 897 811 suo
921 744 1081 833 quodque
1103 743 1218 823 modo,
1244 741 1310 811 hu-

164 879 268 924 mana
287 858 474 949 divinaque
491 882 566 946 esse
582 857 737 944 deereta;
755 859 908 926 secunda
931 881 1012 927 vero
1033 859 1206 948 signifieat
1227 858 1311 949 quid

164 972 256 1040 inter
285 973 459 1055 humanm,
489 974 629 1058 divinae,
661 974 949 1064 diversorumque
976 973 1163 1042 hominum
1188 974 1311 1042 volun·

165 1088 247 1154 tatis
276 1089 470 1157 libertatem
504 1090 654 1173 intersit,
684 1113 765 1158 oum
793 1114 833 1159 eo
862 1090 994 1180 majore
1021 1090 1181 1157 libertate
1210 1112 1312 1180 agere

166 1225 340 1295 quemque
375 1227 444 1295 quo
477 1206 660 1294 perfectior
689 1207 735 1273 sit
761 1205 956 1274 Leibnitius
980 1207 1184 1287 arbitretur;
1211 1206 1314 1273 tertia

167 1319 317 1409 denique
338 1320 494 1412 designat
507 1321 593 1412 quid
609 1322 766 1390 humanae
786 1321 982 1411 divinaeque
997 1322 1188 1389 voluntatis
1203 1321 1314 1389 libera

167 1434 303 1502 decreta
318 1440 422 1525 atque
440 1441 636 1505 ceterarum
657 1460 773 1505 rerum
797 1437 923 1527 agendi
947 1437 1091 1504 modum
1108 1437 1312 1527 distinguat,

167 1574 248 1618 eum
270 1575 326 1619 eas
349 1552 593 1621 tantummodo
615 1553 742 1621 liberas
765 1553 963 1620 Leibnitius
985 1552 1077 1620 dieat
1101 1539 1313 1621 substantias

168 1690 247 1758 quae
263 1668 456 1736 deliberent
478 1673 669 1758 antequam
684 1673 800 1759 agant.

214 1783 298 1864 Quae
312 1784 379 1850 tria
401 1785 578 1874 proposita
598 1784 682 1874 quid
697 1807 779 1852 vere
800 1784 1008 1874 significent,
1024 1807 1154 1874 curque
1177 1807 1197 1863 a
1218 1784 1316 1852 Leib-

168 1897 256 1966 nitio
276 1906 418 1999 accepta
433 1901 505 1967 sint
523 1899 624 1967 nobis
644 1899 904 1990 inspiciendum
920 1922 994 1977 esse
1009 1900 1158 1976 videtur.

722 2211 759 2278 ΙΙ

215 2479 292 2562 Quo
312 2502 430 2558 sensu,
448 2480 563 2546 Deum
578 2478 687 2568 priua,
705 2477 830 2546 deinde
851 2478 1031 2553 hominem
1047 2477 1197 2564 liberum
1217 2480 1317 2547 Leib-

169 2596 280 2665 nitius
303 2595 399 2680 dicit,
421 2616 504 2662 oum
525 2594 685 2662 eamdem
706 2595 844 2683 utrique
863 2600 1092 2684 spontaneam
1112 2596 1318 2684 contingen-

169 2720 314 2803 temque
351 2709 569 2780 voluntatem
606 2710 773 2800 assignat,
817 2714 1008 2799 utrumque
1043 2714 1161 2787 tamen
1203 2738 1219 2773 ι(
1255 2733 1318 2778 suo

171 2850 346 2919 quemque
370 2827 475 2895 modo
502 2855 517 2888 »
546 2825 697 2894 liberum
724 2848 797 2893 esse
832 2825 1041 2894 arbitratur?
1065 2825 1165 2907 Quod
1188 2828 1317 2915 optime

171 2945 412 3037 explanavisse
432 2941 584 3025 videtur,
601 2964 682 3010 oum
704 2970 719 3003 «
737 2942 934 3034 inclinari»
956 2964 1028 3011 non
1048 2969 1064 3004 «
1081 2944 1283 3011 necessitari
1300 2970 1316 3004 »

174 3059 299 3151 agendi
319 3058 514 3135 rationibus
534 3057 689 3132 divinam
705 3057 966 3147 humanamque
986 3058 1203 3141 voluntatem
1225 3058 1319 3126 affir-
1387 3141 1389 3145 Ι

172 3177 294 3244 mavit.

218 3524 370 3605 Etenim,
408 3520 637 3590 Leibnitianis
666 3521 791 3610 positis
819 3521 1002 3589 sententiis
1027 3543 1112 3610 quas
1138 3523 1174 3589 in
1205 3525 1319 3613 priore

176 3641 287 3731 eapite
315 3637 531 3722 rettulimus,
557 3636 658 3705 facile
686 3636 904 3727 intellegitur
928 3637 1103 3727 quomodo
1133 3637 1193 3706 illa
1216 3639 1321 3708 verba

175 3778 258 3824 eum
274 3755 402 3822 divinae
417 3754 611 3821 voluntatis
626 3759 751 3833 natura
771 3753 991 3820 conveniant.

190 3946 194 3951 ,
217 3871 375 3961 Namque
395 3869 492 3937 nullo
512 3868 616 3938 modo
637 3881 805 3951 coortum,
828 3867 888 3935 sed
909 3875 1029 3936 eontra
1052 3870 1195 3935 omnino
1219 3892 1320 3959 spon·
1372 3934 1375 3939 .

175 3996 314 4057 teneam
334 3987 494 4056 divinum
515 4008 591 4052 esse
608 3985 785 4053 decretum
802 3989 905 4074 patet.
925 3984 1014 4052 Cum
1036 3986 1129 4051 enim
1151 3985 1193 4051 ad
1213 3986 1320 4051 exsis-

175 4103 323 4173 tendum
345 4101 526 4194 possibilia
550 4107 731 4182 conentur,
759 4122 872 4189 neque
898 4108 1016 4169 tamen
1050 4101 1219 4167 exsistant
1252 4103 1321 4168 nisi

175 4221 271 4289 Deus
292 4218 501 4309 permiserit,
525 4239 565 4284 ea
585 4216 656 4282 fieri
681 4217 777 4282 Deus
803 4217 898 4298 sinit,
921 4218 1003 4306 quia
1027 4217 1161 4284 honum
1181 4216 1321 4285 absolu-

175 4343 253 4406 tum
283 4333 361 4403 vult
391 4355 399 4400 ι
434 4330 528 4400 unde
556 4331 595 4398 fit
617 4336 657 4398 ut
683 4331 810 4397 seriem
837 4354 954 4397 rerum
984 4332 1186 4420 possibilem
1214 4355 1321 4399 unam
