2964 4988
185 410 219 462 m
278 384 280 389 ’
453 410 498 463 un
523 408 717 463 erasurum
740 409 836 464 arun
862 407 1063 463 autumnum

185 560 403 629 voluntatem
436 582 551 628 meam
582 559 740 639 inclinat,
781 560 849 626 nisi
879 565 912 626 et
941 558 1013 626 Deo
1043 558 1224 649 possibilia
1257 558 1330 625 haec

185 677 302 743 omnia
315 668 391 745 visa
406 676 476 743 sint
492 682 525 743 et
546 677 594 743 ita
607 675 683 766 ejus
704 674 921 743 voluntatem
943 674 1189 741 inclinaverint
1211 680 1251 741 ut
1272 697 1329 742 me

119 828 122 834 ·
186 791 351 859 exsistere
372 792 513 859 sineret.
532 792 709 881 Quidquid
729 790 836 878 igitur
856 792 1073 858 volunlatem
1094 812 1208 857 meam
1228 789 1330 858 incli-

184 913 257 990 nat,
285 931 362 975 eam
391 907 469 975 ideo
492 907 736 975 tantummodo
759 907 802 974 ad
822 905 997 998 agendum
1018 907 1097 990 fert,
1121 907 1203 996 quia
1228 911 1330 974 antea

185 1023 339 1091 divinam
355 1024 574 1091 voluntatem
590 1023 785 1091 inclinavit.

230 1139 357 1206 Omnia
381 1145 499 1206 tamen
524 1162 601 1228 quae
622 1139 838 1208 voluntatem
859 1161 977 1205 meam
1001 1138 1174 1205 inclinant
1198 1147 1231 1204 et
1255 1160 1331 1228 quae

185 1278 250 1345 ago
265 1277 337 1323 non
354 1255 477 1339 eodem
493 1256 595 1323 modo
612 1255 767 1323 divinam
784 1253 1043 1323 inclinaverunt
1057 1253 1276 1323 voluntatem
1294 1260 1331 1323 ut

184 1371 228 1436 iis
244 1371 393 1437 inclinor
405 1370 535 1460 illaque
555 1368 674 1439 velim.

229 1489 314 1554 Cum
336 1488 430 1553 enim
448 1487 601 1554 rationes
621 1486 746 1575 agendi
768 1485 876 1553 bonas
897 1485 1053 1575 concipio
1071 1484 1212 1574 illisque
1228 1476 1330 1552 incli-

185 1625 262 1685 nor,
281 1603 393 1671 bonus
407 1626 470 1693 ego
488 1626 579 1669 sum.
598 1598 686 1670 Cum
713 1602 821 1691 igitur
842 1603 937 1669 Deus
958 1602 1047 1668 inter
1072 1599 1251 1690 possibilia
1273 1624 1330 1669 me
1375 1658 1386 1665 .

97 1792 103 1801 ‚
184 1718 262 1785 illas
287 1719 541 1808 concipientem
568 1719 720 1785 rationes
751 1718 891 1808 illisque
922 1717 1129 1785 inclinatum
1157 1718 1328 1807 concepit,

184 1833 259 1924 ejus
273 1834 436 1902 voluntas
451 1834 494 1901 ad
509 1831 697 1902 sinendum
708 1835 896 1903 inclinatur
908 1840 947 1900 ut
959 1832 1136 1922 possibilis
1152 1855 1213 1923 ego
1227 1833 1332 1901 exsis-

183 1954 272 2017 tam:
290 1957 407 2041 utpote
428 1952 501 2041 qui,
521 1972 601 2017 cum
614 1949 747 2017 honum
762 1949 960 2018 absolutum
973 1948 1068 2029 velit,
1086 1949 1177 2016 bono
1192 1971 1332 2040 quoque

184 2063 342 2155 possibili
362 2065 403 2132 ad
424 2065 696 2155 permittendum
718 2062 907 2157 inclinetur
932 2069 972 2132 ut
990 2065 1209 2148 universum,
1233 2066 1332 2155 cujus

183 2204 263 2271 pars
283 2186 336 2248 est
355 2180 440 2247 illud
462 2179 641 2269 possibile,
668 2182 821 2248 exsistat.
845 2182 932 2250 Cum
953 2203 1033 2248 vero
1050 2188 1171 2248 contra
1187 2181 1330 2249 rationi-

182 2297 247 2364 hus
263 2297 365 2363 malis
382 2295 506 2387 agendi
522 2296 699 2386 conceptis
711 2297 875 2382 inclinor,
891 2297 1006 2364 malus
1020 2320 1083 2387 ego
1097 2320 1188 2365 sum.
1205 2298 1330 2388 igitur,

183 2435 265 2482 cum
280 2413 374 2479 Deus
390 2412 482 2479 inter
497 2411 676 2500 possibilia
691 2435 747 2480 me
763 2413 813 2481 sic
827 2436 932 2503 prave
947 2420 1109 2504 agentem
1125 2414 1248 2497 cernit,
1266 2398 1332 2482 iroe

182 2530 258 2618 ipso
287 2527 330 2595 ad
355 2529 575 2612 universum,
601 2528 702 2619 cujus
725 2551 805 2619 pars
835 2551 898 2620 ego
929 2552 1021 2614 sum,
1043 2552 1114 2596 non
1139 2528 1329 2597 creandum

182 2645 383 2712 inclinatur.
404 2644 467 2710 Sin
482 2650 600 2712 autem
615 2658 757 2714 necesse
776 2651 827 2712 est
849 2669 911 2737 ego
931 2646 1110 2730 exsistam,
1132 2648 1170 2713 ut
1184 2640 1331 2735 possibi-
1400 2639 1402 2642 ’

182 2760 272 2828 lium
297 2760 471 2850 optimum
498 2760 745 2828 universorum
774 2761 928 2843 exsistat,
964 2762 1060 2828 Deus
1089 2760 1260 2851 permittit
1293 2769 1333 2830 ut

182 2875 286 2944 malis
302 2872 498 2942 rationibus
511 2873 554 2941 ad
565 2874 656 2942 male
670 2871 845 2966 agendum
861 2875 1021 2958 incliner,
1038 2867 1073 2943 id
1087 2882 1151 2961 est,
1168 2881 1207 2944 ut
1220 2873 1331 2945 malas

182 2994 225 3060 ad
249 2990 424 3080 agendum
444 2990 598 3057 rationes
626 2989 733 3058 bonas
761 3014 835 3058 esse
860 2993 1057 3060 existimem
1087 3014 1127 3061 ac
1154 2994 1328 3061 sentiam:

182 3109 275 3178 unde
289 3106 507 3196 intellegitur
526 3128 595 3190 me,
621 3106 816 3175 rationibus
832 3100 992 3193 diversis,
1009 3109 1052 3175 iis
1074 3108 1237 3176 inclinari
1254 3108 1332 3196 qui-

182 3225 247 3293 bus
264 3216 426 3292 voluntas
442 3245 520 3290 mea
536 3220 738 3291 inclinatur.

226 3341 390 3409 Rationes
406 3340 501 3407 enim
516 3343 655 3407 tantum
672 3345 783 3408 certas
802 3339 845 3408 ad
860 3339 1036 3432 agendum
1051 3335 1223 3427 concipio,
1241 3335 1329 3404 illis-

183 3480 250 3548 que
262 3479 340 3524 mea
352 3456 516 3523 voluntas
529 3455 731 3540 inclinatur,
745 3479 826 3525 cum
837 3462 898 3523 aut
907 3456 1024 3544 ipsum
1033 3474 1153 3520 meum
1165 3438 1330 3540 possibile

183 3575 359 3641 decretum
377 3570 447 3639 Deo
464 3570 595 3639 bunum
615 3572 734 3640 visum
756 3576 820 3654 est,
842 3575 915 3653 aut,
938 3569 1100 3659 quamvis
1121 3569 1254 3636 malum
1273 3568 1329 3652 sit,

184 3687 422 3757 necessarium
435 3686 471 3753 id
486 3708 562 3754 esse
583 3678 770 3754 arbitratus
793 3692 844 3753 est
866 3690 906 3752 ut
928 3685 1101 3774 optimum
1123 3685 1332 3752 universum

183 3806 394 3873 exsisteret¹.

228 4038 284 4106 Sic
313 4033 398 4128 quid
429 4035 521 4103 inter
549 4034 842 4124 spontaneitatem
873 4034 1001 4103 divinae
1031 4040 1134 4126 atque
1163 4033 1328 4102 humanm

214 4254 237 4302 1.
255 4273 265 4296 ιι
283 4252 371 4302 L’ame
384 4266 401 4301 a
412 4249 482 4300 donc
495 4263 529 4301 en
544 4249 698 4300 elle-meme
710 4264 762 4298 une
777 4249 892 4314 parisite
910 4249 1081 4315 spontaneite
1096 4263 1131 4300 en
1145 4251 1217 4300 sorte
1234 4247 1328 4313 qu'elle

182 4347 217 4384 ne
234 4330 338 4397 depend
358 4345 410 4396 que
430 4330 463 4381 de
480 4330 546 4381 Dieu
563 4335 590 4380 et
611 4328 789 4381 delle-meme
810 4329 878 4380 dans
894 4331 1067 4382 nesactium.
1087 4349 1098 4374 u
1123 4327 1226 4390 Theou,
1240 4331 1259 4378 t.
1281 4329 1324 4390 Vl,

181 4427 209 4478 p.
224 4413 278 4461 2⁹0.
