2964 4988
164 313 198 366 46
431 311 477 364 DE
502 310 695 365 LIBERTATE
719 310 812 366 APUD
837 310 1040 365 LElBNlTlUM

210 460 311 543 Quod
332 462 360 528 si
380 482 475 529 nunc
497 483 517 528 a
538 462 611 528 Deo
632 460 673 528 ad
696 460 874 528 hominem
895 461 1151 543 transierimus,
1172 459 1312 527 nullum

164 600 321 666 unquam
352 577 534 644 hominem
567 575 724 644 absolute
753 576 903 644 liberum
929 577 997 643 dici
1026 599 1127 665 posse
1155 581 1311 666 apparet.

165 692 234 760 Cur
258 693 353 759 enim
371 691 476 760 homo
495 692 611 782 quivis
633 697 709 758 acta
729 692 832 759 faciat
848 691 920 782 jam
944 697 1024 759 ante
1045 691 1214 777 diximus3
1233 691 1314 780 quia

163 809 192 874 is
215 808 345 898 estqui
368 813 430 875 est.
453 807 486 873 Is
514 814 632 875 autem
652 813 705 874 est
725 806 818 897 quod
834 830 912 896 pars
938 807 1061 896 optimi
1083 811 1135 875 est
1154 807 1314 874 universi

163 927 267 1012 atque
290 923 408 990 omnia
433 923 564 1011 optime
589 922 700 991 facere
721 923 815 990 Deus
838 921 1003 990 decrevit.
1026 924 1161 1012 ltaque,
1184 923 1215 990 'si
1235 923 1314 1013 quis

165 1040 305 1128 penitus
326 1036 453 1127 quibus
474 1038 591 1105 causis
615 1037 721 1105 homo
737 1037 854 1128 quivis
874 1044 952 1105 acta
972 1060 1034 1133 sua
1048 1039 1133 1106 velit
1153 1061 1193 1106 ao
1212 1038 1316 1107 faciat

164 1175 374 1242 cognoscere
390 1153 457 1220 sibi
471 1154 702 1242 proposuerit,
718 1176 789 1220 non
804 1152 877 1220 sola
888 1154 1022 1244 agentis
1037 1160 1161 1221 natura
1176 1155 1314 1244 cognita

165 1269 238 1337 haec
259 1276 335 1337 acta
360 1269 540 1359 explicari,
570 1268 757 1336 sedetiam
779 1292 818 1336 ea
841 1270 968 1359 partim
995 1293 1033 1337 ac
1058 1269 1314 1359 quadamtenus

166 1385 231 1452 Dei
253 1390 380 1452 natura
400 1383 490 1451 ellici
516 1384 672 1452 confiteri
695 1389 850 1475 cogetur.
877 1386 979 1466 Nam,
1002 1385 1207 1468 etsihomo,
1233 1407 1312 1453 cum

166 1502 251 1590 agit,
274 1507 487 1590 spontaneus
512 1505 577 1583 est,
604 1498 720 1581 idest,
743 1522 764 1567 a
785 1523 821 1567 se
842 1502 916 1591 ipso
939 1501 979 1568 ad
1001 1501 1175 1591 agendum
1201 1502 1316 1569 deter-

68 1662 71 1668 ·
166 1617 333 1698 minatur,
356 1621 475 1684 tamen
497 1638 569 1682 non
593 1621 685 1683 esset
703 1616 818 1706 qualis
839 1639 962 1685 revera
983 1623 1046 1700 est,
1070 1640 1183 1706 neque
1204 1623 1317 1684 semet

166 1733 240 1822 ipse
262 1737 398 1821 sponte,
418 1737 456 1799 ut
475 1733 571 1814 facit,
594 1730 637 1799 ad
656 1731 833 1821 agendum
853 1732 1113 1816 determinaret,
1130 1733 1200 1800 nisi
1221 1735 1316 1801 Deus

167 1847 367 1916 absolutum
403 1847 574 1932 uoluisset
611 1846 743 1915 bonum
790 1849 1033 1944 optimumque
1072 1848 1321 1918 universorum

169 1964 369 2031 creavisset.
387 1963 549 2031 Hominis
566 1985 647 2053 ergo
663 1961 817 2052 cujusvis
831 1965 1005 2032 actionem
1017 1965 1145 2056 partim
1160 1970 1316 2034 tantum·

168 2078 284 2161 mode,
307 2079 337 2146 si
362 2101 443 2147 eum
466 2079 581 2148 solum
598 2079 819 2169 cognoveris,
837 2079 1008 2169 explicare
1024 2083 1169 2171 poteris,
1188 2081 1316 2172 quippe

169 2217 246 2284 quae
276 2194 378 2286 plane
412 2195 577 2284 explicari
608 2216 681 2262 non
720 2194 840 2290 possit,
876 2197 945 2263 nisi
979 2202 1013 2263 et
1042 2196 1160 2266 divino
1192 2202 1317 2269 natura

170 2311 321 2400 cognita.

219 2427 351 2495 Idcirco
376 2449 420 2494 ne
444 2427 531 2495 forte
561 2427 680 2496 credas
703 2427 884 2494 hominem
908 2426 1037 2496 divinae
1061 2429 1134 2518 pari
1159 2428 1318 2497 libertate

172 2544 356 2633 praeditum
374 2564 464 2624 esse;
484 2565 565 2610 cum
581 2543 676 2610 enim
693 2542 863 2635 quidquid
879 2544 1123 2633 imperfectum
1139 2551 1190 2613 est
1207 2568 1224 2613 e
1240 2568 1318 2636 per-

169 2660 259 2727 fecta
275 2665 402 2728 natura
418 2665 547 2741 manet,
564 2680 636 2725 non
652 2661 796 2726 omnino
813 2659 982 2740 solutum,
1005 2659 1151 2751 ideoque
1167 2660 1318 2742 liberum

169 2773 236 2842 dici
253 2780 376 2864 potest.
396 2777 480 2856 Quae
497 2774 683 2841 hominum
698 2774 871 2841 naturalis
891 2775 1050 2842 omnium
1071 2766 1230 2844 condicio
1252 2784 1316 2845 est.

214 3008 285 3075 Nec
329 3012 447 3074 tamen
489 3006 651 3074 omnihus
692 3005 896 3074 hominibus
941 3010 1151 3100 entibusque
1199 3031 1318 3100 parem

170 3125 346 3192 minutam
367 3145 442 3190 esse
464 3121 663 3190 libertatem
683 3122 969 3193 existimandum.
993 3124 1106 3192 Immo
1126 3101 1207 3199 sunt
1226 3145 1318 3191 crea-

171 3245 331 3308 turarum
347 3239 517 3307 libertatis
531 3239 671 3330 gradus.

214 3357 356 3424 Etenim
372 3378 452 3423 cum
469 3355 574 3423 homo
591 3355 708 3445 quivis
726 3353 815 3422 bene
831 3355 913 3444 agit,
931 3354 965 3421 id
982 3361 1034 3422 est
1050 3376 1122 3420 non
1138 3375 1318 3451 perperam

172 3495 258 3562 quas
278 3472 431 3560 concipit
447 3470 573 3561 agendi
594 3472 746 3538 rationes
766 3470 876 3537 honas
897 3492 971 3536 esse
987 3467 1123 3558 judicat
1144 3491 1184 3536 ac
1200 3469 1316 3552 sentit,

171 3610 252 3656 vere
273 3588 446 3678 perfectus
471 3586 540 3654 dici
563 3591 687 3674 potest.
714 3585 829 3653 Habet
850 3585 945 3650 enim
969 3606 1059 3652 verae
1082 3583 1165 3652 honi
1187 3590 1319 3654 naturae

172 3703 299 3771 claram
325 3701 601 3789 distinctumque
615 3701 889 3789 perceptionem.
914 3698 1001 3765 Cum
1021 3722 1104 3767 vero
1124 3700 1214 3768 male
1235 3703 1319 3793 agit,

172 3820 207 3886 id
228 3824 280 3887 est
300 3797 482 3909 perperam
506 3838 591 3906 quas
617 3816 768 3906 concipit
794 3813 918 3905 agendi
947 3817 1098 3884 rationes
1116 3817 1226 3886 bonas
1247 3841 1320 3886 esse

170 3935 307 4026 judicat
322 3957 361 4002 ac
374 3934 490 4016 sentit,
509 3910 735 4021 imperfectus
752 3931 818 3998 dici
833 3930 944 3998 dehet.
963 3931 1107 3999 Nullam
1124 3936 1219 4001 enim
1234 3957 1322 4002 verae

173 4050 255 4119 honi
286 4057 419 4117 naturae
451 4049 582 4116 claram
611 4047 883 4136 distinctamque
910 4049 1169 4138 perceptionem
1203 4049 1318 4117 habet.

175 4170 263 4234 Acta
274 4171 391 4234 autem
404 4164 518 4233 bonus
534 4171 637 4255 atque
648 4163 762 4231 malus
771 4163 877 4230 homo
890 4164 937 4230 sic
950 4164 1032 4232 facit
1043 4166 1124 4254 quia
1134 4173 1281 4256 uterque
1292 4167 1321 4232 is

174 4288 228 4351 est
247 4282 307 4372 qui
323 4287 386 4348 est.
400 4281 468 4349 Sed
482 4303 584 4372 porro
600 4281 630 4348 is
652 4286 798 4370 uterque
822 4285 873 4346 est
889 4281 972 4369 quia
988 4302 1070 4348 eum
1086 4304 1160 4348 esse
1176 4304 1318 4349 necesse
