2964 4988
165 416 186 457 11
641 397 845 454 PROOEMIUM

166 551 253 619 tiani
271 551 483 640 putaverint,
509 550 616 617 simul
641 551 779 641 accipit,
798 549 907 617 Porro
929 549 1100 617 rationem
1122 547 1318 617 humanam

167 689 242 734 esse
258 667 426 750 divinam,
444 675 548 755 alque
572 688 649 755 quae
664 663 903 756 metaphysice
925 688 1007 732 vera
1022 666 1091 733 sint
1112 666 1160 733 ita
1173 687 1319 756 cognos-

165 804 242 850 cere
272 805 373 871 posse
402 782 595 872 profitetur,
630 788 669 849 ut
698 780 741 848 ad
766 779 1083 848 demonstrandum
1117 780 1244 848 idonea
1273 781 1319 848 sit

165 897 341 988 quomodo
368 897 511 965 libertas
532 897 638 964 simul
671 901 705 963 et
736 919 817 963 cum
847 897 912 965 Dei
933 897 1148 980 exsistentia,
1173 903 1207 964 et
1235 919 1317 964 cum

51 1066 53 1071 -
163 1014 359 1082 universali
383 1014 623 1080 mechanismo
648 1017 683 1080 et
707 1035 789 1080 cum
816 1012 960 1080 moralis
981 1012 1180 1081 christianae
1202 1011 1319 1102 philo-

165 1129 298 1219 sophiae
320 1128 558 1196 fundamentis
575 1128 757 1197 conciliari
774 1130 895 1217 possit.
916 1128 1016 1197 Unde
1039 1133 1073 1196 et
1097 1129 1319 1219 psychologi-

165 1267 241 1313 eam
258 1252 292 1311 et
309 1243 587 1334 metaphysioam
604 1251 637 1310 et
654 1243 888 1335 theologicam
911 1250 945 1312 et
958 1243 1129 1311 moralem
1154 1243 1196 1311 de
1213 1227 1317 1311 liber·

165 1365 235 1428 tate
263 1360 507 1427 difficultatem
527 1359 619 1448 apud
646 1355 861 1427 Leibnitium
887 1382 961 1427 esse
989 1364 1145 1449 apparet,
1171 1367 1210 1427 ut
1241 1382 1318 1427 eam

167 1475 316 1544 enodare
332 1498 404 1543 non
420 1476 489 1542 nisi
505 1474 688 1564 permultis
708 1475 903 1542 rationibus
915 1475 1080 1543 adhibitis
1096 1482 1211 1565 queat.

211 1591 358 1673 Deinde,
376 1597 574 1681 postquam,
592 1598 630 1658 ut
647 1592 720 1680 ipse
733 1591 934 1674 confitetur,
953 1591 1095 1682 juvenis
1111 1591 1225 1659 adhuc
1242 1591 1319 1682 Spi-

167 1708 310 1775 nozanis
324 1707 527 1775 sententiis¹
544 1707 712 1795 pellectus
727 1714 813 1789 erat,
830 1706 906 1796 ejus
926 1706 1052 1797 dogma
1068 1714 1209 1797 propter
1228 1707 1319 1774 hanc

164 1824 336 1914 praecipue
365 1844 507 1890 causam
538 1822 700 1913 rejecisse
730 1823 870 1890 videtur
904 1824 996 1912 quod
1017 1845 1146 1890 novam
1171 1823 1246 1911 ipse
1276 1824 1318 1890 de

167 1937 327 2006 libertate
350 1939 561 2004 sententiam
586 1940 755 2028 concepit.
783 1938 855 2006 Neo
879 1944 998 2005 tamen
1025 1939 1062 2004 in
1096 1960 1136 2005 eo
1164 1938 1317 2007 Cartesio

167 2054 356 2121 assentitur
374 2053 434 2143 qui
451 2074 531 2120 cum
548 2061 583 2119 et
601 2053 673 2119 Deo
699 2059 732 2120 et
748 2054 884 2120 homini
905 2053 1057 2121 liberum
1073 2053 1204 2121 tribuat
1227 2054 1318 2121 arbi-

169 2170 287 2252 trium,
305 2168 475 2236 libertatis
495 2167 743 2235 tantummodo
764 2191 907 2247 nomen,
926 2192 998 2237 non
1023 2192 1098 2236 rem
1121 2178 1315 2237 conservet.

166 2285 289 2374 ltaque
317 2286 444 2374 siquis
467 2283 727 2351 Leibnitianam
756 2283 798 2351 de
825 2285 985 2352 libertate
1008 2287 1220 2352 sententiam
1243 2309 1319 2375 per-

169 2407 356 2484 scrutatur,
384 2423 496 2468 unum
522 2401 613 2467 inter
635 2398 712 2489 ejus
740 2399 905 2489 dogmata
930 2402 1180 2491 gravissimum
1209 2403 1318 2469 intro-

168 2517 283 2607 spicit,
301 2517 330 2581 si
353 2515 493 2604 quidem
515 2517 552 2583 in
577 2538 618 2583 eo
643 2515 806 2583 simulet
832 2539 852 2583 a
882 2516 1031 2606 Spinoza
1056 2523 1090 2584 et
1114 2540 1133 2584 a
1163 2517 1318 2585 Cartesio

167 2631 345 2698 discedere
368 2636 513 2698 conatus
530 2638 593 2699 est.

212 2745 297 2827 Quae
317 2769 398 2813 cum
419 2747 467 2812 ita
484 2746 554 2813 sint
576 2751 680 2836 atque
713 2747 852 2815 nullum
873 2749 909 2814 in
939 2747 1163 2837 philosophia
1184 2748 1317 2816 nodum

167 2862 294 2930 melius
313 2884 332 2928 a
348 2884 383 2928 se
405 2860 605 2949 expeditum
619 2884 694 2935 esse
710 2863 795 2930 adeo
811 2863 974 2931 conscius
990 2863 1095 2930 fuerit
1119 2864 1317 2932 Leibnitius

167 2983 207 3045 ut
224 2976 266 3045 ad
287 2976 480 3043 Nicaisium
506 2975 577 3045 haec
603 2977 754 3045 scrihere
780 3002 853 3045 non
876 2978 1090 3047 dubitaverit
1113 3001 1120 3046 :
1141 3008 1155 3040 ι(
1174 2981 1214 3047 Je
1233 3004 1318 3048 vou-
1430 3040 1432 3044 .

170 3119 185 3155 α
213 3092 305 3160 drais
321 3091 406 3181 qu’il
430 3092 482 3158 fot
502 3093 597 3159 aussi
619 3093 691 3160 eise
713 3094 755 3162 de
781 3094 931 3162 delivrer
953 3095 1005 3164 les
1033 3096 1194 3162 hommes
1217 3096 1258 3162 de
1284 3096 1317 3160 la

168 3238 184 3272 «
212 3210 317 3276 fievre
333 3207 486 3298 maligne
503 3208 593 3275 etde
614 3209 765 3299 quelque
788 3217 885 3278 autre
910 3213 1039 3302 grande
1059 3210 1209 3277 maladie
1230 3207 1313 3298 qu'il

97 3325 102 3332 '
168 3352 186 3388 «
212 3330 265 3392 est
283 3325 355 3392 aise
377 3325 418 3391 de
442 3323 494 3390 les
516 3323 667 3392 delivrer
690 3325 751 3392 des
775 3327 962 3395 difficultes
982 3325 1085 3416 qu’ils
1105 3347 1141 3392 se
1164 3325 1317 3414 figurent

168 3463 273 3509 «sur
306 3440 339 3506 la
367 3438 662 3528 predestination¹
688 3470 718 3520 »,
745 3443 830 3530 quid
856 3441 1054 3509 Leibnitius
1083 3440 1125 3508 de
1155 3440 1316 3508 libertate

167 3556 315 3624 senserit
331 3557 526 3645 perspicere
540 3556 642 3624 nobis
658 3556 809 3645 perutile
827 3558 944 3624 visum
960 3562 1023 3623 est.
1120 3597 1128 3614 «

199 3736 221 3784 1.
238 3735 383 3784 Nouoeaux
397 3735 487 3795 essois,
504 3733 555 3794 l.1,
573 3733 650 3798 chop.
666 3749 684 3783 1.
698 3735 785 3795 tanet,
801 3737 820 3785 t.
837 3735 857 3796 I,
874 3748 901 3798 p.
918 3735 956 3783 3¹1.

199 3815 222 3863 2.
240 3814 313 3864 Gerr.
331 3829 392 3864 uoco
407 3814 520 3863 Nicoise.
538 3813 627 3875 Gerh.,
641 3816 660 3863 t.
675 3814 708 3875 ll,
722 3829 749 3878 p.
764 3817 809 3864 569
826 3814 917 3877 (1697).
