2964 4988
501 976 664 1046 CAPUT
698 975 948 1057 QUARTUM

437 1464 613 1527 QUOMODO
637 1465 818 1512 [susumus
839 1463 876 1510 Εῐ
899 1463 1015 1512 EORUM

289 1563 344 1626 QUl
368 1563 512 1611 llBEilUM
534 1562 753 1610 ᾹΟΟΙΡΙΕΒΑΝῘ
773 1562 954 1610 lustratum
979 1562 1014 1608 ΕῘ
1037 1560 1155 1610 EORUM

239 1661 295 1724 QUl
319 1661 576 1709 ῠΕΤΕΗΜΙΝΑῘᾹΜ
599 1633 677 1707 ΕὸνὸΕ
697 1660 920 1708 votuururfiu
943 1660 1214 1711 ΟΟΝῘΕΝῠΕΒΑΝῘ

375 1759 587 1807 theotonica
607 1758 841 1807 ΟΟΝῘΒΑΟΙΟῘΑ
863 1757 1076 1807 otssotvfiatr

718 2218 734 2283 l

200 2467 285 2547 Quae
305 2466 348 2533 ad
375 2465 684 2534 demonstrandam
702 2465 878 2555 opinionis
897 2487 969 2532 suae
991 2466 1172 2533 veritatem
1195 2490 1298 2557 argu-

156 2587 274 2649 menta
303 2580 513 2650 Leibnitium
548 2581 673 2649 idonea
703 2579 915 2671 judicavisse
945 2581 1098 2648 diximus
1126 2563 1197 2650 uon
1226 2584 1300 2651 sola

154 2704 365 2766 tamencum
382 2697 425 2766 ad
440 2698 538 2765 illam
552 2720 614 2788 pro
627 2719 709 2764 vera
719 2695 956 2786 accipiendam
968 2697 1202 2787 impulerunt'3
1217 2721 1300 2767 nam

155 2813 242 2881 alias
258 2812 427 2903 quasdam
446 2815 597 2882 rationes
617 2813 658 2882 ad
680 2813 893 2902 theologicas
913 2813 1133 2904 moralesque
1154 2837 1208 2882 res
1225 2837 1301 2905 per-

157 2930 308 2996 tinentes
320 2919 374 2996 sui
388 2930 509 2997 tuendi
523 2930 694 3020 dogmatis
711 2928 846 2997 habuit.

201 3162 410 3247 Permultas,
424 3163 560 3231 decimo
574 3162 723 3252 septimo
740 3164 868 3245 secula
888 3163 929 3231 de
945 3162 1100 3230 humana
1113 3163 1301 3253 divinaque

156 3279 315 3348 libertate
331 3278 554 3347 difficultates
567 3278 723 3369 theologi
737 3283 841 3369 atque
855 3278 1057 3370 philosophi
1073 3280 1205 3370 agitare
1217 3279 1303 3348 sole·

155 3395 249 3463 bant.

203 3511 240 3578 Si
251 3512 328 3601 quis
345 3513 437 3579 enim
454 3511 605 3580 liberum
618 3511 801 3579 arbitrium
819 3512 952 3579 homini
968 3511 1154 3595 tribuebat,
1173 3516 1301 3578 extem-

157 3625 214 3715 plo
244 3628 431 3717 rogabatur
459 3626 635 3719 quomodo
657 3627 692 3696 id
717 3632 751 3694 et
776 3650 858 3696 cum
883 3628 1100 3718 praescientia
1120 3628 1249 3711 divina,
1268 3632 1301 3694 ct

155 3764 237 3809 cum
248 3742 309 3810 illa
329 3744 692 3833 praedeterminatione
716 3766 795 3834 quae
816 3767 892 3812 cam
920 3745 1084 3811 exsistere
1109 3743 1297 3832 permittat,

156 3866 189 3925 et
205 3881 284 3925 cum
300 3859 418 3927 divino
435 3882 609 3927 concursu
625 3860 802 3928 ordinario
818 3882 1010 3949 congruere
1027 3863 1154 3949 posset.

201 3973 264 4041 Sin
288 3980 405 4042 autem
425 3976 505 4064 quis
530 3976 649 4044 omnia
669 3977 706 4042 in
732 3976 864 4042 mundo
893 3975 1077 4064 ipsamque
1108 3972 1299 4041 humanam

155 4088 372 4158 voluntatem
396 4091 664 4158 determinatam
692 4113 768 4158 esse
798 4089 1044 4172 arbitrabatur,
1077 4089 1301 4179 requirebant

155 4205 329 4296 quomodo
354 4212 388 4275 et
411 4229 604 4274 concursus
625 4207 688 4271 Dei
713 4205 1021 4288 extraordinarius,
1046 4205 1080 4272 id
1109 4211 1162 4273 est
1188 4206 1300 4296 gratia

153 4322 377 4405 miraculosa,
395 4328 585 4390 etconatus
601 4320 755 4388 bominis
775 4321 817 4388 ad
837 4320 966 4393 bonum
983 4323 1132 4413 agentis,
1150 4328 1182 4390 et
1197 4322 1299 4413 justi-
