2964 4988
396 333 442 386 DE
462 331 614 414 HUMANA
633 331 828 396 DIVINAQUE
847 330 1042 387 LlBEll'l'ATE
1262 330 1295 382 lt

149 484 222 549 erat
243 486 283 548 ut
303 481 435 571 optima
457 502 576 549 rerum
597 482 703 548 series
718 482 910 549 exsisteret.
930 482 1034 571 Ergo,
1057 486 1096 547 ut
1122 479 1218 562 mali,
1246 479 1296 546 sio

148 595 232 664 boni
261 595 417 664 hominis
445 596 594 664 actionis
628 595 755 664 ultima
783 597 871 664 ratio
901 620 919 663 e
950 595 1078 664 divinae
1104 594 1295 664 voluntatis

148 716 251 802 atque
273 711 357 780 boni
378 711 530 780 absoluti
551 718 675 779 natura
695 712 900 802 explicatur.

191 827 318 918 Magno
340 834 457 894 tamen
477 826 663 895 intervallo
685 826 766 894 boni
790 827 945 895 hominis
965 827 1111 894 actionis
1131 849 1243 893 oausae
1260 830 1295 893 et

146 942 390 1010 malidistant.
423 946 424 950 ’
728 1014 729 1017 ,
825 940 828 949 ’

191 1059 278 1127 Cum
306 1058 402 1126 enim
434 1059 528 1125 Deus
556 1057 738 1148 possibilia
766 1058 931 1126 universa
964 1063 1153 1148 antequam
1171 1060 1294 1124 'unum

145 1175 313 1242 exsistere
347 1175 537 1265 permittat,
567 1182 685 1241 mente
712 1174 870 1265 percipit,
895 1173 979 1264 quia
1006 1180 1083 1240 tum
1112 1174 1293 1241 hominem

144 1289 233 1358 bene
262 1290 304 1358 de
337 1289 428 1358 hono
458 1290 668 1358 sentientem
693 1296 796 1380 atque
813 1289 1044 1380 judicantem,
1071 1290 1157 1356 bene
1184 1289 1293 1379 igitur

145 1413 306 1498 agentem
321 1407 443 1491 cernit,
462 1405 543 1473 inde
559 1405 601 1473 ad
622 1407 748 1473 seriem
762 1386 879 1474 rerum
896 1405 994 1473 illam
1015 1404 1115 1494 cujus
1136 1406 1166 1472 is
1182 1405 1294 1472 bonus

145 1521 251 1589 homo
262 1545 340 1612 pars
356 1527 421 1606 est,
438 1521 625 1589 creandam
641 1522 843 1590 inclinatur.
862 1521 973 1613 Igitur
986 1522 1016 1587 si
1028 1521 1116 1589 illud
1131 1527 1169 1588 ut
1183 1522 1293 1588 exsis-

146 1641 196 1704 tat
227 1638 436 1705 universum
464 1638 559 1705 Deus
591 1636 760 1720 decernit,
791 1660 862 1704 non
891 1636 994 1704 modo
1024 1636 1107 1704 boni
1137 1636 1294 1704 hominis

41 1742 44 1746 ⁵
146 1753 237 1820 actio
264 1752 441 1843 possibilis
467 1753 593 1843 partim
621 1753 750 1821 decreti
782 1753 892 1820 divini
916 1775 1020 1821 causa
1049 1753 1199 1843 positiva
1225 1752 1294 1820 dici

146 1868 259 1952 debet,
278 1891 398 1937 verum
425 1869 530 1935 etiam
555 1891 596 1936 eo
619 1869 730 1959 magis
755 1868 852 1936 illius
877 1869 1024 1936 actionis
1044 1867 1122 1936 idea
1137 1868 1293 1936 divinam

146 1984 367 2052 voluntatem
396 1982 544 2051 inclinat
571 2005 639 2084 quo
663 1984 739 2074 ipsa
767 1984 953 2077 perfectior
982 1989 1045 2069 est,
1077 1983 1295 2075 quandoqui-

147 2099 227 2168 dem
252 2121 314 2189 pro
343 2121 482 2167 summa
512 2099 769 2194 perfectionum
799 2123 885 2189 quas
913 2099 1064 2169 involvit
1087 2100 1293 2169 universum

147 2215 239 2310 quod
259 2220 353 2285 creat
372 2215 538 2284 exsistere
564 2216 658 2284 Deus
679 2216 846 2285 decernit.
874 2216 1011 2307 Siquis
1037 2217 1144 2307 igitur
1169 2238 1292 2283 causas

145 2355 259 2400 omnes
288 2332 443 2422 inquirat
473 2332 621 2399 actionis
656 2331 811 2399 hominis
844 2331 1028 2422 cujusdam
1060 2332 1119 2422 qui
1150 2332 1291 2422 quidem

14 2456 17 2461 ’
112 2538 115 2543 .
143 2446 232 2518 bene
255 2454 345 2538 agat,
368 2447 403 2514 id
419 2452 471 2514 est
487 2447 762 2537 perfectissimus
780 2449 836 2528 sit,
854 2446 955 2514 illum
974 2446 1130 2514 confiteri
1149 2469 1292 2514 neeesse

146 2567 198 2630 est
217 2585 294 2634 eam
309 2585 380 2643 pon
399 2562 544 2630 omnino
559 2584 654 2645 sane,
673 2562 733 2629 sed
748 2564 900 2628 multum
917 2561 959 2651 ab
976 2562 1051 2653 ejus
1068 2567 1194 2629 natura
1210 2585 1292 2652 pen·

145 2679 238 2748 dere.
261 2680 449 2746 Nemeum
468 2677 714 2759 homobonus,
738 2677 820 2745 dum
836 2679 920 2768 agit,
938 2677 973 2744 id
993 2679 1098 2745 faciat
1113 2679 1194 2768 quia
1210 2700 1291 2746 eum

144 2796 309 2863 exsistere
323 2794 417 2862 Deus
432 2794 556 2873 voluit,
575 2816 724 2883 eumque
741 2795 835 2861 Deus
849 2794 1000 2862 voluerit
1013 2794 1093 2884 quia
1109 2793 1199 2862 bona
1213 2792 1291 2884 ejus

143 2913 233 2982 actio
245 2921 329 2994 erat,
341 2914 466 2978 natura
479 2909 628 2977 aetionis
641 2909 724 2976 honi
736 2908 917 3000 cujusdam
932 2909 1087 2978 hominis
1100 2911 1290 3000 plurimum

143 3028 185 3096 ad
209 3050 287 3095 eam
314 3024 532 3093 efficiendam
558 3025 660 3092 valet.
693 3026 730 3093 Si
758 3027 837 3116 quis
866 3048 947 3116 ergo
972 3027 1193 3116 inquisiverit
1220 3049 1289 3115 qua

141 3166 246 3215 causa
267 3141 350 3210 honi
376 3141 529 3208 hominis
552 3141 640 3208 actio
664 3141 736 3224 fiat,
760 3163 839 3209 eam
862 3165 990 3232 magna
1017 3165 1060 3210 ex
1085 3145 1182 3231 parte
1206 3139 1289 3207 boni

142 3260 277 3350 agentis
306 3258 495 3325 essentiam
522 3279 598 3327 esse
629 3256 798 3323 inveniet.
834 3257 956 3349 Itaque
985 3280 1064 3324 eum
1089 3279 1218 3348 magua
1248 3279 1290 3325 ex

142 3383 238 3465 parte
254 3396 316 3467 per
328 3372 404 3465 ejus
420 3378 596 3456 naturam,
618 3394 741 3461 parum
758 3379 875 3439 autem
892 3393 953 3460 per
966 3371 1116 3440 aliarum
1128 3380 1289 3439 naturam

140 3512 260 3558 rerum
288 3489 377 3557 aetio
404 3488 479 3578 ejus
509 3487 714 3578 explicetur,
746 3485 860 3554 bonus
889 3489 943 3554 vir
969 3510 1094 3578 magna
1122 3493 1289 3579 exparte

63 3672 66 3677 .
141 3606 287 3676 actionis
303 3604 412 3695 ipsius
431 3625 535 3671 causa
551 3582 618 3670 dici
634 3601 746 3686 debet,
769 3625 850 3693 ergo
866 3602 1079 3673 liberrimus.
1153 3618 1156 3623 '

184 3723 254 3790 Nec
271 3719 492 3788 infitiandum
514 3725 565 3786 est
583 3720 668 3809 quin
683 3741 750 3809 quo
766 3719 951 3808 perfectior
963 3743 1004 3789 eo
1020 3720 1162 3788 liberior
1176 3743 1287 3787 unus-

140 3838 286 3929 quisque
316 3837 372 3920 sit,
403 3834 685 3927 quandoquidem
710 3857 751 3901 eo
775 3837 887 3925 magis
909 3859 980 3903 suae
1004 3837 1115 3926 ipsius
1138 3836 1285 3902 actionis

139 3932 245 4022 homo
261 3952 403 4045 quidam
419 3958 590 4019 causaest
606 3973 675 4040 quo
691 3952 835 4039 pronius
852 3950 928 4040 ejus
946 3952 1091 4018 actionis
1108 3950 1185 4017 idea
1200 3950 1288 4017 divi-

138 4093 220 4139 nam
240 4068 460 4137 voluntatem
479 4065 655 4133 adrerum
676 4067 802 4132 seriem
823 4068 923 4155 cujus
944 4088 1022 4159 pars
1042 4067 1071 4132 is
1093 4070 1145 4132 est
1167 4088 1289 4132 crean-

140 4186 220 4253 dam
236 4183 430 4251 inclinavit.
445 4183 603 4271 Namque
620 4204 660 4248 eo
676 4183 788 4271 magis
808 4183 1006 4249 exsistentis
1024 4182 1192 4265 universi,
1206 4205 1289 4274 ergo

142 4325 212 4371 suae
229 4300 339 4390 ipsius
363 4297 573 4365 exsistentia
593 4296 808 4389 actionisque
828 4319 933 4379 eausa
957 4298 1150 4365 existimari
1172 4297 1284 4367 debet.
