2964 4988
384 371 544 426 MORALIA
563 371 681 436 ATQUE
700 370 923 426 THEOLOGICA
947 370 1097 426 OBJECTA
1277 373 1307 423 71

210 519 311 601 Quod
334 507 514 610 objectum
538 520 733 589 Leibnitius
758 521 829 588 illis
855 523 1099 589 tantummodo
1122 523 1181 612 qui
1205 528 1313 588 meta-

166 636 305 727 physice
321 638 515 704 necessaria
530 639 648 704 omnia
665 660 739 704 csse
756 638 968 721 existiment,
985 639 1133 704 minime
1147 660 1228 718 vero
1245 636 1311 704 sibi

166 753 226 842 qui
250 753 419 820 moralem
442 752 557 821 solum
584 753 828 821 necessitatem
855 753 1029 832 defendat,
1058 755 1187 843 opponi
1212 775 1313 844 posse

164 868 363 937 arbitratur.
387 869 547 958 Namque
567 875 601 936 et
620 870 768 953 malum,
791 868 887 936 salva
907 870 1112 960 integraque
1132 870 1197 936 Dei
1214 869 1315 936 boni-

165 990 234 1051 tate
264 984 437 1073 explicare
467 1008 514 1065 se,
547 990 583 1053 et
609 985 766 1052 divinam
792 983 981 1074 justitiam,
1013 987 1135 1076 positis
1167 984 1244 1075 'quae
1273 983 1314 1052 de

167 1099 398 1167 determinata
430 1101 610 1169 voluntate
643 1102 803 1184 senserit,
842 1102 931 1169 tueri
970 1125 1071 1190 posse
1107 1123 1314 1191 persuasum

168 1214 284 1282 hahet

212 1449 294 1515 Tres
319 1456 413 1515 enim
434 1449 516 1515 mali
539 1450 671 1538 species
692 1450 728 1515 in
755 1448 884 1517 mundo
905 1450 1068 1518 exsistere
1088 1451 1315 1518 manifestum

169 1569 232 1645 est,
251 1587 331 1631 cum
352 1565 397 1630 sit
414 1570 474 1631 aut
494 1565 775 1655 metaphysicum
795 1567 943 1648 malum,
968 1566 1061 1655 quod
1083 1589 1163 1634 eum
1186 1574 1319 1634 creatu-

169 1703 287 1747 rarum
314 1681 577 1769 imperfectione
599 1681 752 1748 naturali
776 1681 1023 1762 confundatur,
1040 1688 1100 1749 aut
1117 1681 1315 1774 physicum,

169 1795 263 1886 quod
273 1796 310 1862 in
323 1795 441 1863 dolore
453 1797 632 1880 consistat,
648 1801 709 1863 aut
723 1797 866 1879 morale,
881 1797 972 1887 quod
984 1798 1029 1867 sit
1040 1803 1233 1886 peccatum.
1247 1799 1317 1866 Nec

169 1912 344 1980 Leibnitio
367 1912 403 1977 in
429 1911 533 1980 duhio
558 1911 698 1979 videtur
716 1913 801 2003 quin
822 1935 943 1981 omnes
965 1914 1036 1981 illae
1061 1915 1144 1981 mali
1169 1915 1313 2004 species,

123 2086 128 2092 .
168 2029 328 2118 quamvis
344 2029 438 2095 Deus
453 2027 565 2095 bonus
581 2029 637 2110 sit,
656 2029 898 2119 optimumque
914 2031 1081 2099 creaverit
1096 2031 1315 2115 universum,

168 2145 270 2233 plane
287 2145 452 2233 explicari
469 2145 613 2233 possint.

213 2259 489 2349 Metaphysicum
530 2260 624 2326 enim
663 2259 814 2342 malurn,
852 2261 959 2328 simul
993 2262 1103 2352 [atque
1141 2263 1314 2331 mundum

169 2373 357 2465 quemdam
373 2397 488 2442 creare
506 2364 695 2457 statuisset,
709 2376 822 2442 Deum
838 2376 948 2443 vitare
964 2400 1035 2443 non
1050 2380 1203 2467 potuisse
1218 2380 1315 2447 Leib-

169 2491 279 2557 nitius
302 2488 505 2557 contendit:
524 2512 677 2580 namque
697 2491 884 2571 mnndum,
910 2514 991 2559 cum
1010 2494 1177 2560 creaturis
1193 2501 1315 2562 natura

168 2606 276 2673 finitis
292 2613 395 2696 atque
411 2605 624 2694 imperfectis
640 2607 854 2695 compositus
870 2608 926 2689 sit,
938 2609 1103 2675 exsistere
1114 2632 1185 2676 non
1197 2633 1310 2700 posse,

167 2723 236 2789 uisi
272 2723 308 2788 in
347 2745 386 2788 eo
428 2720 707 2813 metaphysicum
743 2722 828 2788 insit
865 2723 1011 2790 malum.
1046 2724 1085 2791 Id
1118 2725 1314 2794 Leibnitius

168 2839 297 2927 optime
324 2837 496 2927 judicavit
529 2860 609 2904 cum
643 2837 923 2929 metaphysicum
953 2839 1041 2906 dixit
1068 2841 1200 2908 malum
1239 2866 1313 2910 esse

171 2981 186 3014 «
213 2954 249 3019 in
265 2953 427 3042 originali
438 2953 701 3042 imperfectione
715 2961 954 3022 creaturarum
971 2977 1048 3045 quaa
1064 2956 1311 3027 idealiratione

170 3096 185 3131 «
213 3069 434 3136 contineatur
462 3070 499 3135 in
523 3070 726 3136 veritatibus
754 3072 893 3136 acernis
928 3071 1103 3161 objectum
1133 3074 1313 3141 internum

168 3213 184 3245 «
211 3182 503 3251 constituentibus
531 3184 644 3250 divini
672 3183 903 3252 intellectus¹.
923 3214 939 3248 »
969 3186 1092 3276 Itaque
1115 3189 1144 3254 si
1168 3189 1312 3257 moralis

167 3300 357 3369 necessitas
386 3307 458 3367 erat
485 3304 523 3367 ut
551 3300 757 3367 universum
778 3302 969 3384 exsisteret,
987 3302 1061 3369 fieri
1084 3327 1155 3371 non
1180 3309 1315 3392 poterat

169 3418 254 3507 quin
270 3424 304 3483 et
319 3415 599 3506 metaphysicum
618 3416 800 3483 exsisteret
816 3416 960 3484 malum.

214 3530 312 3612 Quod
343 3555 423 3599 vero
459 3532 501 3599 ad
531 3532 716 3623 physicum
750 3531 884 3600 malum
915 3535 1049 3618 attinet,
1086 3536 1199 3624 primo
1227 3562 1314 3606 num

169 3647 313 3715 omnino
324 3645 457 3714 malum
468 3649 513 3714 sit
529 3647 674 3716 dubium
686 3670 760 3716 esse
774 3649 922 3731 videtur,
937 3651 967 3718 si
978 3651 1120 3741 quidem
1136 3659 1175 3719 ut
1190 3654 1314 3722 umbra

169 3763 309 3845 lumini,
328 3762 377 3829 sic
392 3763 524 3830 matum
542 3764 634 3831 hono
651 3765 784 3854 aliquid
799 3764 890 3833 lucis
908 3789 947 3834 ac
968 3767 1165 3857 splendoris
1182 3770 1311 3836 affertf.

170 3879 233 3946 Sin
253 3885 371 3946 autem
389 3900 451 3967 pro
473 3885 568 3947 recto
588 3881 815 3949 statuerimus
836 3882 970 3949 malum
988 3883 1162 3972 quoddam
1178 3890 1315 3973 semper

169 4018 243 4063 esse
264 3994 432 4075 dolorem,
454 3995 680 4063 manifestum
702 4001 821 4064 tamen
840 3998 978 4066 videtur
998 3999 1072 4066 fieri
1097 3999 1250 4088 potuisse
1274 4005 1314 4066 ut

169 4113 274 4189 Deua,
310 4110 471 4200 quamvis
508 4109 622 4177 honus
659 4112 716 4194 sit,
752 4133 833 4179 eum
869 4113 1033 4181 exsistere
1066 4114 1181 4181 vellet.
1224 4115 1313 4181 Nam

198 4291 222 4338 1.
239 4287 333 4350 Gerh.,
350 4289 368 4337 t.
385 4287 431 4348 111,
446 4302 473 4351 p.
489 4288 529 4335 33.

198 4372 220 4418 2.
241 4368 336 4418 Theod.
353 4367 443 4418 Gerh..
458 4370 477 4416 t.
493 4367 537 4427 Vl,
553 4381 579 4429 p.
596 4368 649 4416 108.
