2964 4988
167 366 200 420 82
433 365 480 419 DE
503 364 698 419 LIBERTATE
721 363 817 418 APUD
843 361 1046 417 LEIBNITIUM

167 537 289 583 revera
305 513 469 603 possibile
485 520 575 582 esset
586 525 607 582 ¹.
624 513 826 604 Implicaret
840 514 934 580 enim
952 510 1268 580 contradictionem
1284 507 1315 574 si

168 653 240 697 non
254 630 452 712 exstitisset,
471 629 552 719 quia
567 635 643 696 tum
658 630 780 718 etipse
796 630 890 696 Deus
904 650 977 695 non
989 631 1090 694 esset.
1107 627 1230 715 Itaque
1242 646 1315 690 non

168 745 282 814 verbis
303 745 431 829 solum,
450 745 507 813 sed
535 745 638 813 rebus
663 746 769 812 etiam
792 744 954 812 differunt
979 743 1038 833 qui
1064 743 1176 810 Deum
1202 745 1315 808 meta-

168 861 312 951 physica
325 861 531 929 necessitate
547 861 678 928 bonum
694 860 785 928 velle
799 858 998 928 absolutum
1014 858 1189 926 affirmant
1203 860 1239 924 et
1253 855 1317 945 qui

168 982 288 1046 contra
308 984 450 1069 negant.

212 1094 303 1184 Ergo
325 1093 404 1184 jure
424 1116 574 1183 vereque
595 1092 807 1160 Leibuitium
831 1092 1047 1160 incusavisse
1070 1089 1235 1158 videntur
1253 1087 1316 1179 qui

166 1208 423 1277 Leibuitianam
442 1209 688 1299 metaphysica
703 1209 917 1298 moralisque
935 1206 1153 1276 necessitatis
1168 1205 1315 1273 distinc-

166 1323 299 1392 tionem
314 1323 503 1392 admodum
519 1324 750 1413 suspiciosam
767 1323 932 1391 habuere.

714 1637 765 1704 IV

209 1906 311 1974 Nunc
335 1928 431 1987 vero,
456 1911 496 1973 ut
523 1904 566 1972 ad
596 1906 787 1972 maximam
811 1903 1053 1972 difficultatem
1074 1911 1310 1991 transeamus,

166 2022 241 2109 ipsa
260 2022 324 2088 Dei
347 2021 424 2087 idea
446 2042 552 2109 quam
573 2019 770 2087 Leibuitius
785 2024 916 2103 tuetur,
935 2042 974 2088 ac
994 2019 1069 2110 ejus
1089 2022 1132 2089 (16
1151 2022 1312 2091 libertate

165 2136 331 2204 doctrinae
360 2137 457 2227 quasi
491 2135 676 2202 munimen
703 2133 966 2227 palladiumque
995 2142 1059 2221 est,
1083 2161 1209 2228 parum
1232 2161 1314 2209 cum

165 2253 329 2321 doctrinae
350 2250 425 2342 ejus
445 2251 625 2342 principiis
648 2252 845 2320 consentire
867 2252 1016 2322 videtur.
1043 2254 1129 2322 Nam
1152 2255 1224 2323 Deo
1239 2278 1312 2324 non

163 2375 301 2437 tantum
329 2369 560 2452 intellectum,
588 2391 712 2436 verum
741 2369 846 2436 etium
874 2369 1092 2439 voluntatem
1122 2372 1313 2461 quamdam

165 2486 344 2571 attribuit3
375 2484 467 2577 quod
493 2485 653 2569 minime,
684 2486 752 2552 nisi
782 2485 1013 2575 quarumdam
1049 2510 1191 2557 suarum
1220 2489 1311 2558 inter
1347 2523 1351 2528 -

166 2603 356 2691 praecipuas
372 2601 623 2669 sententiarum
639 2601 780 2683 oblitus,
796 2601 906 2670 facere
922 2603 1046 2691 potuit.

209 2717 249 2786 ld
264 2717 428 2785 fatebitur
443 2718 657 2807 quicumque
676 2718 890 2812 perspexerit
903 2718 1077 2807 quomodo
1091 2720 1310 2790 voluntatem

165 2833 361 2902 Leibuitius
381 2831 496 2901 verbis
513 2832 680 2922 designet.

209 2949 348 3016 Etenim
368 2947 585 3015 voluntatem
609 2947 807 3015 Leibuitius
827 2951 1021 3040 appetitum
1039 2957 1143 3043 atque
1164 2953 1310 3022 tenden-

168 3067 251 3134 tiam
273 3069 467 3155 nuncupat,
488 3062 677 3131 dummodo
697 3064 741 3130 iis
755 3063 860 3133 rebus
878 3072 911 3133 et
927 3066 1125 3137 intellectus
1141 3069 1307 3153 addetur3

164 3189 204 3250 ut
226 3182 417 3252 voluntatis
444 3180 631 3249 essentiam
651 3202 731 3248 cum
753 3183 929 3272 appetitus
952 3191 1078 3253 natura
1106 3184 1307 3252 confundat.

166 3299 268 3366 Itium
279 3297 381 3381 velle,
394 3297 456 3387 qui
472 3301 618 3365 conetur
627 3303 666 3363 ut
679 3297 856 3386 objectum
868 3298 1001 3389 aliquid
1014 3299 1151 3381 habeat,
1164 3297 1258 3387 quia,
1276 3302 1310 3362 et

166 3415 298 3482 bonum
324 3415 359 3481 id
389 3436 463 3480 esse
489 3413 751 3496 existimaverit,
779 3420 812 3480 61
838 3411 880 3480 ad
909 3412 1042 3480 honum
1072 3413 1147 3501 ipse
1176 3411 1308 3480 tendat.

165 3529 266 3610 Quod
287 3534 321 3596 et
339 3529 381 3596 de
401 3528 544 3594 homine
565 3532 600 3593 et
618 3526 660 3594 de
676 3528 748 3595 Deo
765 3526 961 3595 Leibuitius
976 3549 1129 3618 persaepe
1144 3529 1307 3618 scripsit:

168 3673 183 3706 «
213 3644 276 3710 Les
297 3642 472 3725 Monades,
491 3642 616 3729 inquit,
637 3649 698 3708 ont
717 3648 830 3710 166166
846 3642 936 3710 dela
953 3644 1196 3732 perception...
1216 3649 1250 3712 et
1269 3645 1309 3712 de

74 3807 77 3811 .
166 3788 181 3821 «
208 3758 365 3850 l’appetit
377 3757 453 3847 (qui
472 3755 561 3823 n'est
576 3761 674 3823 autre
686 3756 791 3824 chose
807 3779 873 3847 que
886 3756 920 3824 la
933 3759 1103 3826 tendance
1120 3759 1223 3827 d’une
1236 3782 1312 3848 per-

167 3905 182 3936 «
209 3875 347 3965 ception
364 3879 384 3940 a
403 3895 473 3939 une
489 3869 600 3960 autre)
617 3871 677 3959 qui
697 3876 748 3938 661
767 3871 889 3961 appele
910 3873 1051 3962 passion
1066 3873 1153 3942 dans
1168 3875 1218 3942 166
1233 3875 1311 3942 661-

168 4020 184 4052 (
211 4013 330 4073 maux‚
356 3995 389 4057 et
418 3988 559 4056 volonte
583 3987 618 4053 la
643 3988 745 4054 6616
772 3989 972 4077 perception
997 3996 1048 4057 est
1074 4013 1123 4058 un
1150 3989 1312 4058 entende-

195 4207 217 4254 t.
238 4226 248 4248 ι(
265 4204 374 4254 t'avoue
387 4217 440 4266 que
457 4201 481 4251 si
493 4201 560 4250 Dieu
575 4200 638 4250 enit
648 4200 782 4250 necessite
797 4178 1059 4265 parjuneflnecassite
1073 4204 1282 4269 metaphysique
1298 4205 1313 4254 a

164 4306 175 4329 «
192 4284 318 4350 produire
338 4299 368 4334 ce
390 4280 529 4348 66111611,
554 4280 573 4330 11
585 4278 734 4344 produirait
753 4283 816 4331 1666
836 4282 874 4330 lcs
896 4283 1031 4347 possibles
1044 4298 1079 4334 ou
1103 4285 1169 4335 rien.
1188 4304 1198 4327 c
1217 4285 1312 4334 Τὴέοιί.

164 4367 256 4426 Gerh.‚
273 4368 291 4415 t.
306 4366 349 4426 Vl,
361 4379 387 4429 6.
404 4365 458 4413 236.
