2964 4988
171 374 204 425 86
438 374 482 426 Ι1Ε
507 373 699 428 LIBERTATE
709 368 820 429 ¹'APUD
847 372 1049 428 LEIBNlTlUM

171 522 348 612 simplices
363 522 481 589 nullas
496 524 565 590 nisi
586 523 750 590 confusas
770 524 1009 614 perceptiones
1028 523 1167 607 habere,
1185 529 1218 591 et
1230 546 1320 613 quas

172 639 255 706 dicit
270 639 416 707 Animas
434 640 545 706 claras
561 639 716 728 quidem,
732 641 789 706 sed
811 662 882 706 non
898 639 1079 706 distinctas
1095 640 1265 722 obtinere,
1288 645 1322 707 et

169 777 255 844 quas
273 755 424 844 Spiritus
440 754 599 821 nominat
615 755 788 821 distinctis
809 754 1020 845 quibusdam
1036 755 1105 821 frui
1123 754 1319 845 profitetur.

171 869 271 939 Unde
288 871 476 938 manifesto
491 893 555 937 nos
572 869 780 938 concludere
798 893 941 937 necesse
962 876 1014 937 est
1037 871 1074 937 in
1093 871 1166 938 Deo
1181 871 1321 938 nullam

168 1008 245 1053 esse
259 1008 361 1076 posse
378 986 637 1075 perceptionem
653 1008 731 1073 quae
752 1009 823 1053 non
839 985 1014 1068 distincta,
1025 985 1084 1053 sed
1098 992 1221 1055 contra
1236 1009 1322 1055 con·

168 1102 245 1169 fusa
261 1102 317 1168 sit.

215 1217 301 1284 Cum
318 1223 437 1285 autem
450 1217 524 1285 haec
545 1219 590 1284 sit
609 1223 736 1287 natura
755 1218 831 1302 Dei,
854 1216 1030 1307 quomodo
1052 1218 1084 1284 ei
1104 1239 1321 1307 quamquam

170 1333 387 1401 voluntatem
409 1333 484 1400 sine
501 1334 776 1402 contradictione
795 1333 949 1400 tribuere
971 1332 1166 1400 Leibnitius
1183 1334 1322 1423 potuit?

168 1448 257 1515 Nam
287 1448 315 1514 si
338 1448 517 1515 tendentia
543 1455 688 1517 conatus
722 1449 947 1517 confusarum
977 1449 1240 1538 perceptionum
1268 1455 1322 1516 est

168 1586 244 1653 quae
259 1568 425 1652 appetant
440 1571 479 1630 ut
492 1563 665 1632 distinctae
684 1567 779 1648 liant,
798 1562 973 1654 quomodo
990 1564 1027 1629 in
1047 1565 1120 1631 Deo
1137 1564 1195 1631 cui
1210 1564 1319 1632 nullae

169 1680 323 1746 confusae
344 1681 585 1769 perceptiones
609 1686 703 1761 sunt,
722 1679 886 1769 quaelihet
906 1679 1098 1761 tendentia,
1115 1685 1220 1769 atque
1234 1680 1319 1748 inde

170 1793 328 1861 voluntas
354 1796 520 1863 exsistere
543 1798 683 1884 posset?
708 1795 745 1862 Si
770 1795 999 1876 voluntatem,
1022 1794 1130 1884 igitur
1157 1799 1191 1862 et
1211 1818 1318 1887 appe-

167 1912 271 1976 titum
296 1910 392 1976 Deus
420 1910 536 1978 habet.
561 1910 657 1976 Nihil
684 1916 801 1978 autem
829 1910 935 1992 Deus,
969 1932 1049 1977 cum
1078 1910 1116 1976 in
1141 1933 1182 1978 eo
1209 1912 1316 1980 nullae

168 2027 333 2108 contusae,
362 2024 421 2092 sed
455 2027 555 2093 claree
585 2032 688 2114 atque
713 2026 885 2092 distinctae
910 2025 1151 2093 tantummodo
1178 2048 1318 2117 percep-

167 2142 281 2208 tiones
316 2145 510 2223 versentur‚
540 2146 702 2230 appetere
729 2146 853 2230 potest.
881 2141 977 2207 Nihil
1007 2163 1089 2230 ergo
1118 2163 1198 2209 eum
1225 2143 1317 2211 velle

166 2279 267 2346 posse
281 2260 386 2345 patet.

212 2370 397 2451 Quomodo
431 2371 488 2438 hic
516 2394 537 2438 a
562 2371 738 2440 Leibnitio
771 2370 884 2440 nodus
910 2371 1067 2465 expediri
1095 2374 1225 2462 possit?
1245 2374 1318 2442 Aut

164 2487 382 2555 voluntatem
400 2489 438 2554 in
465 2489 538 2555 Deo
563 2493 603 2556 ut
627 2489 664 2555 in
688 2487 832 2555 homine
861 2489 1095 2555 essentialiter
1122 2490 1318 2579 appetitum

168 2625 243 2669 esse
263 2603 458 2670 intellectui
471 2602 676 2693 adjunctum
699 2608 862 2687 statuere,
881 2609 942 2671 111
954 2605 986 2670 ei
1001 2598 1218 2672 voluntatem
1241 2606 1318 2674 sine

165 2718 238 2785 ullo
266 2720 423 2808 appetitu
450 2719 603 2786 tribuere
635 2719 781 2807 cogitur.
818 2723 974 2800 Quarum
1006 2741 1126 2786 rerum
1154 2727 1318 2788 neutram

165 2835 283 2900 animo
318 2833 501 2901 admittere
538 2839 648 2923 potest
680 2855 686 2902 :
720 2857 802 2901 11111
836 2841 897 2901 111
926 2836 1083 2924 appetitu
1113 2859 1194 2903 cum
1225 2832 1330 2904 nihil.

165 2954 327 3038 appetere
353 2951 473 3039 possit,
501 2955 563 3016 aut
583 2949 762 3016 voluntate
781 2972 858 3039 quae
880 2951 1031 3018 liberum
1055 2952 1238 3020 arbitrium
1260 2954 1318 3038 sit,

166 3066 300 3133 scilicet
328 3066 425 3133 nuda
458 3065 519 3132 illa
543 3066 690 3132 facultas
718 3088 795 3155 quae
824 3067 997 3157 principio
1031 3068 1319 3138 contradictionis

164 3187 268 3270 atque
296 3182 442 3249 rationis
465 3181 611 3249 omnino
636 3183 811 3249 contraria
834 3189 897 3266 est,
915 3184 1029 3251 Deum
1054 3188 1128 3250 tum
1151 3189 1315 3250 ornatum

164 3320 238 3365 esse
259 3298 497 3365 existimaret:
515 3297 608 3387 quod
624 3298 769 3365 omnino
786 3303 969 3388 repugnat.

210 3413 266 3479 Ne*
287 3420 404 3480 autem
426 3411 585 3502 objicias,
608 3414 719 3504 posito
742 3413 807 3480 hoc
828 3413 997 3502 principio
1023 3433 1030 3479 :
1055 3440 1070 3473 «
1093 3411 1225 3479 Natura
1245 3433 1317 3481 non

169 3555 184 3588 1
202 3528 286 3594 tacit
302 3529 412 3595 saltus
428 3557 456 3610 »‚
473 3529 636 3596 debuisse
653 3526 1234 3613 1111111111υωί1111111111111111111
1252 3528 1318 3596 ali-

165 3665 272 3733 quam
283 3643 397 3709 inesse
413 3647 546 3732 putare.
565 3643 704 3709 Etenim
725 3665 805 3709 cum
821 3641 863 3709 de
882 3643 954 3709 Deo
971 3642 1053 3732 egit,
1070 3644 1246 3732 permulta
1264 3645 1317 3712 illi

167 3759 318 3826 tribuere
339 3781 410 3824 non
437 3758 610 3826 dubitavit
633 3780 713 3847 quae
736 3759 857 3825 ceteris
877 3758 1084 3826 Monadihus
1109 3767 1314 3850 negaverat3

168 3877 296 3965 quippe
312 3897 417 3964 quem
433 3873 550 3941 solum
576 3880 610 3941 'et
631 3874 776 3940 omnino
799 3874 992 3962 perfectum
1009 3881 1042 3943 et
1066 3876 1157 3944 nulli
1179 3879 1316 3967 corpori

166 3988 327 4080 nullique
352 3991 505 4059 materiae
529 3984 747 4080 adjunctum,
775 3995 807 4057 et
837 3991 999 4080 spiritum
1022 3994 1160 4082 purnnl,
1183 4000 1215 4061 et
1243 4012 1316 4085 per·

168 4108 326 4198 ceptione
343 4108 488 4173 omnino
512 4106 674 4173 distincta
694 4105 878 4195 praeditum
901 4130 976 4174 esse
997 4108 1045 4174 ita
1065 4110 1317 4177 existimaverit

166 4229 206 4291 ut
221 4245 373 4313 persaepe
389 4224 503 4289 Deum
519 4222 617 4312 quasi
637 4218 804 4289 1111111111
819 4220 994 4291 continuae
1008 4218 1196 4293 Monadiim
1213 4225 1316 4292 seriei

166 4340 359 4406 terminum
375 4339 610 4430 descripserit.
631 4338 715 4419 Quae
729 4361 810 4407 cum
823 4341 872 4407 ita
888 4341 970 4424 sint,
983 4343 1068 4422 Deo,
1086 4346 1190 4430 atque
1204 4342 1314 4407 immo
