2964 4988
170 354 204 407 70
436 354 483 406 DE
508 352 702 407 LIBERTATE
726 353 820 407 APUD
845 351 1048 406 LElBNlTlUM

214 503 345 593 ltaque,
390 505 551 592 quamvis
593 503 823 571 determinata
854 504 910 569 sit
946 502 1099 569 humana
1135 501 1314 586 voluntas,

166 624 285 686 tamen
302 623 336 686 et
354 619 485 702 conari,
508 624 541 686 et
557 618 660 701 velle,
678 623 712 686 et
727 620 874 709 precari,
892 622 925 684 et
943 617 1061 684 omnia
1080 617 1194 684 facere
1214 641 1315 707 posse

168 757 232 801 nos
250 756 326 824 quae
341 735 537 802 necessaria
557 740 639 802 sunt
654 740 693 801 ut
713 735 776 802 Dei
796 733 944 824 gratiam
964 732 1065 800 nobis
1086 733 1314 808 conciliemus

167 848 406 918 arbitrandum
422 872 497 917 esse
511 848 659 917 videtur.

210 1198 470 1266 Difficillimum
487 1221 568 1266 vero
584 1197 762 1288 objectum
783 1199 949 1265 adversus
965 1197 1044 1264 illos
1067 1198 1127 1287 qui
1148 1197 1314 1267 determi-

165 1320 285 1382 natam
312 1337 387 1381 esse
413 1314 605 1381 humanam
634 1312 852 1382 voluntatem
877 1311 1136 1380 contendebant
1160 1313 1314 1403 theologi

165 1430 351 1498 nectebant
372 1431 432 1520 qui
457 1430 600 1496 moralis
628 1428 857 1520 philosophiae
888 1429 1059 1518 principia
1090 1429 1315 1497 cum-divina

162 1547 300 1637 justitia
314 1569 372 1613 eos
398 1544 556 1613 funditus
572 1550 727 1612 evertere
740 1544 1010 1613 arbitrabantur.

210 1663 382 1730 Permulti
398 1662 492 1730 enim
513 1661 753 1729 necessarium
767 1683 842 1728 esse
855 1660 1004 1728 liberum
1021 1660 1207 1729 arbitrium
1223 1662 1316 1729 exis-

166 1777 339 1846 timabant
369 1784 407 1844 ut
431 1777 575 1844 moralis
610 1777 762 1844 scientiae
793 1777 875 1864 poni
907 1776 1137 1844 fundamenta
1165 1777 1312 1866 possint.

166 1895 193 1961 N
199 1917 255 1961 am
272 1895 300 1960 si
315 1892 545 1960 determinata
559 1900 609 1959 est
621 1892 775 1959 humana
790 1893 964 1974 voluntas,
979 1914 1060 1958 cum
1071 1893 1315 1982 unusquisque

166 2035 186 2078 a
203 2012 275 2077 Deo
296 2031 336 2076 ea
355 2015 480 2076 natura
496 2008 644 2075 donatus
664 2009 711 2074 sit
731 2014 769 2075 ut
790 2013 909 2097 postea
928 2012 989 2075 aut
1008 2007 1096 2075 hene
1117 2029 1230 2096 agere,
1255 2014 1316 2075 aut

166 2126 257 2192 male
282 2147 354 2192 non
376 2124 497 2213 possit,
527 2146 599 2190 non
627 2123 805 2190 hominem
832 2123 892 2191 sed
915 2124 1028 2190 Deum
1054 2124 1091 2190 in
1113 2123 1254 2189 homine
1280 2128 1314 2191 et

163 2241 252 2308 bene
269 2262 369 2329 agere
384 2244 416 2307 et
431 2239 523 2306 male
536 2239 718 2305 fatendum
733 2238 892 2305 videtur:
910 2239 991 2306 inde
1008 2239 1159 2328 pessima
1174 2261 1313 2307 consec·
1371 2251 1383 2258 “

164 2358 252 2425 taria
281 2355 441 2423 concludi
464 2362 621 2444 possunt.
648 2355 807 2444 Namque
837 2377 907 2421 non
938 2360 1059 2444 potest,
1088 2355 1141 2422 his
1176 2357 1312 2445 positis,

165 2473 300 2540 malum
316 2473 398 2539 satis
415 2471 580 2560 explicari
600 2494 665 2538 nec
681 2472 796 2538 Deum
817 2471 900 2538 satis
917 2471 1089 2538 excusari.
1108 2471 1145 2538 Si
1160 2471 1314 2540 liberum

166 2589 303 2656 homini
328 2588 513 2655 arbitrium
538 2586 712 2677 quoddam
744 2585 921 2668 tribuitur,
953 2608 1034 2654 eum
1061 2588 1155 2677 quod
1181 2589 1314 2656 morale

166 2705 299 2772 malum
326 2710 377 2770 est
404 2708 526 2792 sponte
553 2725 618 2770 sua
643 2703 767 2769 fecisse
793 2709 965 2791 apparet:
994 2702 1179 2792 physicum
1208 2705 1315 2795 igitur

167 2820 300 2887 malum
322 2840 423 2908 poena
444 2818 635 2884 existimari
656 2816 774 2899 debet;
806 2839 849 2883 ex
871 2839 939 2906 quo
966 2817 1053 2884 illud
1078 2824 1205 2887 natura
1231 2843 1314 2888 con·

168 2936 326 3024 sequitur
350 2939 390 3000 ut
414 2940 448 2999 et
472 2932 616 2999 moralis
641 2937 674 2999 et
698 2932 833 3024 physici
861 2932 947 2999 mali
974 2934 1068 3001 Deus
1089 2935 1235 3003 omnino
1260 2937 1314 3003 in-

165 3073 295 3119 nocens
316 3050 371 3117 sit.
395 3049 483 3115 Nam
509 3048 624 3132 homo,
651 3071 722 3116 non
747 3050 852 3131 Deus,
881 3049 1016 3117 malum
1036 3051 1179 3134 creavit,
1202 3075 1314 3140 quan-

168 3167 367 3257 doquidem,
403 3166 432 3231 si
470 3165 576 3231 homo
610 3187 681 3231 non
725 3165 938 3255 peccavisset
976 3166 1118 3233 nullum
1157 3188 1311 3253 unquam

166 3284 292 3350 fuisset
306 3281 453 3349 malum.
472 3280 573 3362 Quod
594 3304 666 3348 non
676 3282 762 3372 jam,
784 3281 813 3347 si
833 3280 1065 3349 determinata
1080 3285 1131 3346 est
1146 3279 1310 3348 voluntas

168 3400 337 3482 humana,
356 3421 418 3487 pro
438 3421 519 3465 vero
540 3397 661 3466 haberi
679 3403 802 3488 potest.

213 3515 319 3581 Porro
357 3514 417 3604 qui
456 3515 721 3581 determinatam
758 3512 950 3580 humanam
984 3532 1058 3577 esse
1094 3504 1312 3581 voluntatem

168 3630 383 3700 arbitrantur
412 3629 509 3696 nullo
537 3636 636 3719 pacto
666 3629 821 3696 divinam
850 3629 941 3695 tueri
966 3626 1140 3717 justitiam
1167 3638 1310 3717 queunt.

168 3747 307 3816 Etenim
341 3745 371 3810 si
403 3744 488 3811 mali
517 3767 621 3812 causa
655 3768 726 3811 non
759 3746 877 3828 homa,
914 3742 975 3810 sed
1007 3745 1102 3811 Deus
1136 3767 1219 3814 vera
1248 3753 1311 3831 est,

170 3862 343 3953 quomodo
360 3866 506 3927 aeternas
526 3859 626 3926 bonis
643 3858 833 3940 mercedes,
848 3858 1020 3949 malisque
1033 3882 1152 3950 poenas
1163 3861 1312 3930 tribuere

172 3982 282 4046 Deum
305 3999 405 4066 posse
425 3977 626 4043 existimes?
645 3974 819 4065 quomodo
836 3975 977 4042 demum
994 3977 1150 4045 scientiae
1171 3979 1314 4045 moralis

170 4096 253 4163 satis
275 4095 416 4161 firmum
437 4092 709 4160 fundamentum
732 4096 865 4180 ponas‘l
887 4092 977 4182 Ergo
999 4093 1028 4158 si
1050 4092 1202 4160 liberum
1222 4094 1314 4161 arbi-

169 4214 278 4280 trium
310 4210 445 4277 homini
482 4211 678 4300 negaveris
716 4207 884 4306 moralem
923 4208 1195 4300 philosophiam,
1233 4231 1312 4276 cum

170 4351 282 4398 unum
298 4327 398 4395 alteri
414 4328 459 4395 sit
473 4327 721 4411 necessarium,
739 4325 898 4393 funditus
913 4331 1061 4395 evertes,
