2964 4988
513 384 558 438 DE
580 381 787 439 VOLUNTATE
807 379 955 438 HUMANA
1273 386 1305 438 tr

165 561 181 595 «
207 534 664 623 vouloir'presentement1.
702 562 717 595 a
749 534 820 600 Neo
859 556 941 600 sane
971 513 1202 600 dubitandum
1232 556 1307 601 esse

165 649 250 738 quin
285 650 399 738 reipsa
432 651 469 716 in
502 655 628 737 natura
661 648 812 738 alicujus
846 654 879 717 et
912 650 949 715 in
987 648 1088 715 rebus
1122 648 1197 738 ojus
1228 649 1309 716 vilae

165 763 338 853 adjunctis
361 766 557 854 quaerenda
581 766 651 832 sint
677 787 790 832 causae
816 787 877 832 cur
901 766 975 854 ipse
996 770 1106 832 semet
1126 765 1311 832 emendare

164 878 278 947 velit:
297 882 477 948 neminem
496 886 615 949 tamen
636 886 744 948 semet
767 881 894 970 ipsum,
918 881 946 946 si
968 881 1065 962 velit,
1084 886 1220 947 mutare
1241 904 1310 947 non

165 1018 277 1087 posse.

210 1112 279 1194 Sic,
297 1135 376 1183 cum
392 1112 695 1180 indeterminando
711 1112 896 1196 GartasiuS,
914 1111 1179 1180 determinatum
1192 1135 1314 1181 rursus

167 1227 351 1295 arbitrium
380 1228 575 1296 humanum
599 1228 793 1296 Leibnitius
818 1228 1089 1318 esse'opinatur.
1114 1230 1223 1318 Atqui
1243 1251 1314 1296 non

168 1356 323 1411 coactum
352 1366 428 1411 esse
451 1343 629 1411 hominem
653 1344 718 1421 ¹sed
744 1357 967 1435 spontaneum
996 1344 1033 1410 in
1061 1345 1194 1434 agendo
1224 1346 1316 1412 exis-

140 1499 142 1503 ·
169 1460 279 1526 limat.

213 1693 257 1759 Et
276 1691 398 1760 eodem
414 1693 517 1760 modo
538 1692 744 1783 Spinozanis
760 1693 942 1759 sententiis
958 1695 1149 1760 contrarias
1167 1694 1208 1761 de
1229 1695 1317 1762 arbi·

170 1809 237 1874 trio
272 1807 426 1875 humano
456 1808 653 1881 Leibnitius
687 1808 859 1898 opposuit.
887 1807 973 1876 Cum
1008 1809 1104 1876 enim
1128 1812 1317 1878 necessario

171 1923 332 2012 Spinoza‚
348 1946 420 1991 non
441 1924 639 1991 necessario
655 1921 837 1990 hominem
853 1946 954 2014 agere
969 1924 1168 1997 Leibnitius
1186 1933 1314 1994 censet.

172 2039 414 2129 Continpentio
444 2039 550 2128 igitur
576 2038 723 2107 humani
750 2039 885 2106 arbitrii
915 2040 1051 2107 decreta
1078 2063 1152 2108 esse
1187 2043 1318 2131 profes-

172 2178 231 2222 sus
247 2161 310 2222 est.
823 2148 824 2152 ¹

216 2274 302 2353 Quae
325 2273 470 2339 fortasse
490 2271 699 2362 quibusdam
720 2295 801 2340 cum
828 2262 1112 2340 antecedentibus
1135 2276 1319 2364 propositis

173 2411 297 2480 parum
331 2388 542 2456 cohaerentia
575 2388 799 2469 videbuntur.
838 2387 1031 2455 Immerito.
1063 2389 1104 2455 ln
1134 2388 1195 2456 illo
1225 2393 1318 2458 enim
1376 2443 1383 2454 .

173 2505 326 2572 maxime
361 2503 546 2596 Spinonem
582 2504 751 2571 erravisse
789 2502 987 2570 Leibnitius
1022 2504 1203 2572 contendit
1229 2508 1320 2596 quod

172 2620 384 2703 necessario,
420 2620 503 2708 quia
531 2618 772 2700 determinate,
805 2617 987 2686 hominem
1015 2641 1117 2708 agere
1146 2622 1318 2689 statuerit.

171 2736 312 2804 Etenim
330 2762 344 2797 a
363 2734 633 2801 indeterminato
651 2762 667 2796 a
687 2760 703 2795 «
721 2733 1034 2817 determinatum»,
1048 2763 1064 2797 α
1080 2737 1284 2827 contingens
1304 2766 1319 2799 a

172 2857 297 2927 autem.
312 2878 328 2912 «
349 2850 544 2918 necessario
567 2862 605 2912 »²
629 2872 704 2917 esso
730 2850 989 2940 opponendum.
1007 2849 1140 2919 Idcirco
1161 2875 1240 2919 eum
1261 2854 1321 2943 qui

174 2967 418 3061 Carpesianupa
440 2965 595 3057 liberum
618 2964 780 3056 rejecerit
802 2965 999 3051 arbitrium,
1024 2972 1059 3034 et
1090 2968 1321 3057 Spinozanam

174 3090 292 3152 tamen
329 3081 444 3149 adhuc
485 3081 730 3150 necessitatem
765 3082 910 3171 rejicere
952 3105 1063 3172 posse,
1104 3105 1184 3152 cum
1228 3084 1321 3152 nihil

173 3199 363 3267 admodum
378 3197 547 3288 impediat
562 3197 662 3287 quin,
677 3220 881 3288 quanquam
901 3197 1187 3282 determinatum,
1211 3200 1318 3269 simul

174 3316 382 3406 contingens
399 3313 597 3394 humanum
609 3315 661 3387 psit
676 3313 873 3401 arbitrium.

221 3430 323 3514 Quod
335 3431 475 3522 quidem
493 3430 676 3521 plerosque
692 3452 763 3497 non
779 3430 862 3498 satis
876 3429 1090 3498 intellexisse
1104 3432 1226 3514 videri,
1238 3421 1321 3524 quia

175 3549 344 3638 perpauci,
359 3547 442 3615 satis
459 3547 647 3615 verborum
673 3573 689 3607 α
711 3547 929 3615 necessarii»
957 3552 990 3613 et
1016 3549 1286 3638 «contingentis
1305 3579 1320 3612 »

175 3664 291 3731 varios
322 3687 447 3731 sensus
474 3662 699 3730 distinxerint
714 3672 735 3729 ⁸.
770 3662 895 3730 Tribus
924 3663 1018 3729 enim
1053 3663 1166 3730 modis
1200 3689 1321 3734 vocem

177 3808 193 3841 «
211 3781 484 3847 necessitatem»
501 3779 657 3867 intellegi
671 3800 785 3868 posse,
802 3800 882 3846 cum
898 3777 1147 3869 metaphysica,
1166 3787 1226 3848 aut
1238 3781 1321 3871 phy-

178 3894 260 3979 sica,
280 3900 340 3962 aut
353 3892 497 3961 moralis
524 3894 567 3960 sit
586 3894 786 3962 necessitas.
805 3893 841 3959 Id
865 3894 1020 3983 primum
1041 3916 1058 3961 e
1083 3895 1324 3986 metaphysica

176 4010 232 4079 vel
251 4010 366 4099 logica
389 4010 597 4077 necessitate
622 4008 773 4099 pendere
797 4009 898 4098 cujus
919 4037 935 4072 «
964 4010 1163 4100 oppositum
1188 4018 1324 4080 contra-

210 4229 233 4276 l.
253 4223 349 4275 Theod.
365 4224 455 4285 Geth„
473 4226 492 4274 t.
507 4223 550 4284 vl,
567 4237 593 4287 p.
608 4225 663 4272 296.

209 4309 233 4356 2.
253 4306 339 4367 Gerh.,
354 4309 373 4356 t.
388 4304 431 4365 lV,
447 4319 474 4369 p.
488 4305 542 4354 438.

211 4389 233 4435 3.
253 4386 326 4436 Corr.
343 4399 405 4437 aveo
417 4384 530 4434 Niooiee.
546 4384 635 4444 Gerh.‚
650 4385 671 4433 t.
686 4384 719 4446 ll,
733 4398 759 4448 p.
773 4385 818 4434 569
835 4384 924 4454 (teti).

273 4492 397 4542 crasson.
