<?xml version="1.0" encoding="UTF-8"?>
<!DOCTYPE html PUBLIC "-//W3C//DTD XHTML 1.0 Transitional//EN"
    "http://www.w3.org/TR/xhtml1/DTD/xhtml1-transitional.dtd">
<html xmlns="http://www.w3.org/1999/xhtml" xml:lang="en" lang="en">
 <head>
  <title>
</title>
<meta http-equiv="Content-Type" content="text/html;charset=utf-8" />
  <meta name='ocr-system' content='tesseract 3.04.00' />
  <meta name='ocr-capabilities' content='ocr_page ocr_carea ocr_par ocr_line ocrx_word'/>
</head>
<body>
  <div class='ocr_page' id='page_1' title='image "./delibertateapud00cresgoog_0056.png"; bbox 0 0 2964 4988; ppageno 0'>
   <div class='ocr_carea' id='block_1_1' title="bbox 419 366 1312 432">
    <p class='ocr_par' dir='ltr' id='par_1_1' title="bbox 419 366 1312 432">
     <span class='ocr_line' id='line_1_1' title="bbox 419 366 1312 432; baseline -0.001 -12"><span class='ocrx_word' id='word_1_1' title='bbox 419 367 463 420; x_wconf 82' lang='lat' dir='ltr'>DE</span> <span class='ocrx_word' id='word_1_2' title='bbox 483 366 632 421; x_wconf 80' lang='lat' dir='ltr'>HUulNA</span> <span class='ocrx_word' id='word_1_3' title='bbox 652 368 845 432; x_wconf 78' lang='lat' dir='ltr'>olvletE</span> <span class='ocrx_word' id='word_1_4' title='bbox 866 369 1059 422; x_wconf 80' lang='lat' dir='ltr'><strong>LIBERTATE</strong></span> <span class='ocrx_word' id='word_1_5' title='bbox 1280 369 1312 420; x_wconf 75' lang='lat'>45</span> 
     </span>
    </p>
   </div>
   <div class='ocr_carea' id='block_1_2' title="bbox 164 516 1391 4077">
    <p class='ocr_par' dir='ltr' id='par_1_2' title="bbox 166 516 1391 2434">
     <span class='ocr_line' id='line_1_2' title="bbox 170 516 1387 608; baseline 0 -26"><span class='ocrx_word' id='word_1_6' title='bbox 170 516 251 582; x_wconf 87' lang='lat' dir='ltr'>dere</span> <span class='ocrx_word' id='word_1_7' title='bbox 284 519 457 584; x_wconf 78' lang='lat' dir='ltr'>rationem</span> <span class='ocrx_word' id='word_1_8' title='bbox 491 519 596 598; x_wconf 88' lang='lat' dir='ltr'>volet,</span> <span class='ocrx_word' id='word_1_9' title='bbox 629 517 714 584; x_wconf 80' lang='lat' dir='ltr'>duas</span> <span class='ocrx_word' id='word_1_10' title='bbox 747 541 885 602; x_wconf 76' lang='lat' dir='ltr'>causeS,</span> <span class='ocrx_word' id='word_1_11' title='bbox 920 520 1070 608; x_wconf 85' lang='lat' dir='ltr'>priorem</span> <span class='ocrx_word' id='word_1_12' title='bbox 1104 516 1180 606; x_wconf 87' lang='lat' dir='ltr'>ejus</span> <span class='ocrx_word' id='word_1_13' title='bbox 1210 516 1313 583; x_wconf 90' lang='lat' dir='ltr'>intel·</span> <span class='ocrx_word' id='word_1_14' title='bbox 1386 561 1387 565; x_wconf 57' lang='lat'><em>=</em></span> 
     </span>
     <span class='ocr_line' id='line_1_3' title="bbox 169 632 1312 724; baseline 0 -27"><span class='ocrx_word' id='word_1_15' title='bbox 169 632 281 698; x_wconf 89' lang='lat' dir='ltr'>lectus</span> <span class='ocrx_word' id='word_1_16' title='bbox 303 633 575 724; x_wconf 84' lang='lat' dir='ltr'>voluntatisque,</span> <span class='ocrx_word' id='word_1_17' title='bbox 600 635 825 724; x_wconf 78' lang='lat' dir='ltr'>posteriorem</span> <span class='ocrx_word' id='word_1_18' title='bbox 859 634 1009 701; x_wconf 80' lang='lat' dir='ltr'>absoluti</span> <span class='ocrx_word' id='word_1_19' title='bbox 1036 633 1119 701; x_wconf 90' lang='lat' dir='ltr'>honi</span> <span class='ocrx_word' id='word_1_20' title='bbox 1138 639 1312 711; x_wconf 80' lang='lat' dir='ltr'>naturam,</span> 
     </span>
     <span class='ocr_line' id='line_1_4' title="bbox 169 748 1391 837; baseline 0.002 -23"><span class='ocrx_word' id='word_1_21' title='bbox 169 770 249 815; x_wconf 90' lang='lat' dir='ltr'>cum</span> <span class='ocrx_word' id='word_1_22' title='bbox 283 754 419 837; x_wconf 80' lang='lat' dir='ltr'>oportet</span> <span class='ocrx_word' id='word_1_23' title='bbox 451 749 627 816; x_wconf 84' lang='lat' dir='ltr'>obtestari.</span> <span class='ocrx_word' id='word_1_24' title='bbox 661 750 751 831; x_wconf 79' lang='lat' dir='ltr'>Quia</span> <span class='ocrx_word' id='word_1_25' title='bbox 787 751 881 817; x_wconf 91' lang='lat' dir='ltr'>enim</span> <span class='ocrx_word' id='word_1_26' title='bbox 910 749 1112 817; x_wconf 85' lang='lat' dir='ltr'>absolutum</span> <span class='ocrx_word' id='word_1_27' title='bbox 1147 748 1224 817; x_wconf 90' lang='lat' dir='ltr'>vult</span> <span class='ocrx_word' id='word_1_28' title='bbox 1256 748 1300 815; x_wconf 91' lang='lat' dir='ltr'>bo</span> <span class='ocrx_word' id='word_1_29' title='bbox 1388 812 1391 816; x_wconf 78' lang='grc'><strong><em>,</em></strong></span> 
     </span>
     <span class='ocr_line' id='line_1_5' title="bbox 168 863 1316 954; baseline -0.001 -25"><span class='ocrx_word' id='word_1_30' title='bbox 168 885 269 947; x_wconf 91' lang='lat' dir='ltr'>num,</span> <span class='ocrx_word' id='word_1_31' title='bbox 298 869 331 930; x_wconf 92' lang='lat' dir='ltr'>et</span> <span class='ocrx_word' id='word_1_32' title='bbox 363 871 488 946; x_wconf 83' lang='lat' dir='ltr'>cetera,</span> <span class='ocrx_word' id='word_1_33' title='bbox 523 864 557 930; x_wconf 92' lang='lat' dir='ltr'>id</span> <span class='ocrx_word' id='word_1_34' title='bbox 583 871 635 931; x_wconf 91' lang='lat' dir='ltr'>est</span> <span class='ocrx_word' id='word_1_35' title='bbox 662 865 769 932; x_wconf 83' lang='lat' dir='ltr'>telem</span> <span class='ocrx_word' id='word_1_36' title='bbox 802 865 973 932; x_wconf 89' lang='lat' dir='ltr'>mnndum</span> <span class='ocrx_word' id='word_1_37' title='bbox 1000 863 1112 954; x_wconf 81' lang='lat' dir='ltr'>qualis</span> <span class='ocrx_word' id='word_1_38' title='bbox 1143 872 1206 945; x_wconf 90' lang='lat' dir='ltr'>est,</span> <span class='ocrx_word' id='word_1_39' title='bbox 1240 863 1316 929; x_wconf 91' lang='lat' dir='ltr'>vult</span> 
     </span>
     <span class='ocr_line' id='line_1_6' title="bbox 168 966 1314 1069; baseline -0.002 -24"><span class='ocrx_word' id='word_1_40' title='bbox 168 1001 239 1046; x_wconf 86' lang='lat' dir='ltr'>una</span> <span class='ocrx_word' id='word_1_41' title='bbox 260 979 368 1046; x_wconf 80' lang='lat' dir='ltr'>Deus,</span> <span class='ocrx_word' id='word_1_42' title='bbox 398 980 466 1046; x_wconf 85' lang='lat' dir='ltr'>Sed</span> <span class='ocrx_word' id='word_1_43' title='bbox 491 985 662 1069; x_wconf 82' lang='lat' dir='ltr'>quotenus</span> <span class='ocrx_word' id='word_1_44' title='bbox 696 981 738 1047; x_wconf 85' lang='lat' dir='ltr'>ab</span> <span class='ocrx_word' id='word_1_45' title='bbox 762 981 947 1048; x_wconf 86' lang='lat' dir='ltr'>intellectu</span> <span class='ocrx_word' id='word_1_46' title='bbox 971 1003 1010 1049; x_wconf 82' lang='lat' dir='ltr'>uc</span> <span class='ocrx_word' id='word_1_47' title='bbox 1041 980 1220 1046; x_wconf 82' lang='lat' dir='ltr'>voluntate</span> <span class='ocrx_word' id='word_1_48' title='bbox 1249 966 1314 1045; x_wconf 87' lang='lat' dir='ltr'>Dei</span> 
     </span>
     <span class='ocr_line' id='line_1_7' title="bbox 167 1091 1311 1184; baseline -0.001 -25"><span class='ocrx_word' id='word_1_49' title='bbox 167 1091 286 1161; x_wconf 86' lang='lat' dir='ltr'>divina</span> <span class='ocrx_word' id='word_1_50' title='bbox 320 1096 409 1162; x_wconf 86' lang='lat' dir='ltr'>actio</span> <span class='ocrx_word' id='word_1_51' title='bbox 447 1094 582 1184; x_wconf 79' lang='lat' dir='ltr'>pendet,</span> <span class='ocrx_word' id='word_1_52' title='bbox 619 1119 680 1184; x_wconf 89' lang='lat' dir='ltr'>per</span> <span class='ocrx_word' id='word_1_53' title='bbox 711 1096 867 1162; x_wconf 83' lang='lat' dir='ltr'>divinem</span> <span class='ocrx_word' id='word_1_54' title='bbox 901 1101 1065 1163; x_wconf 83' lang='lat' dir='ltr'>naturam</span> <span class='ocrx_word' id='word_1_55' title='bbox 1105 1095 1311 1184; x_wconf 84' lang='lat' dir='ltr'>explicatur.</span> 
     </span>
     <span class='ocr_line' id='line_1_8' title="bbox 167 1209 1351 1298; baseline 0.003 -23"><span class='ocrx_word' id='word_1_56' title='bbox 167 1209 288 1298; x_wconf 90' lang='lat' dir='ltr'>Neque</span> <span class='ocrx_word' id='word_1_57' title='bbox 310 1211 440 1296; x_wconf 76' lang='lat' dir='ltr'>minue,</span> <span class='ocrx_word' id='word_1_58' title='bbox 457 1234 538 1277; x_wconf 90' lang='lat' dir='ltr'>cum</span> <span class='ocrx_word' id='word_1_59' title='bbox 554 1234 573 1277; x_wconf 85' lang='lat' dir='ltr'>a</span> <span class='ocrx_word' id='word_1_60' title='bbox 592 1217 718 1278; x_wconf 81' lang='lat' dir='ltr'>notura</span> <span class='ocrx_word' id='word_1_61' title='bbox 733 1211 815 1279; x_wconf 92' lang='lat' dir='ltr'>boni</span> <span class='ocrx_word' id='word_1_62' title='bbox 837 1211 999 1295; x_wconf 86' lang='lat' dir='ltr'>absoluti,</span> <span class='ocrx_word' id='word_1_63' title='bbox 1017 1234 1037 1278; x_wconf 83' lang='lat' dir='ltr'>a</span> <span class='ocrx_word' id='word_1_64' title='bbox 1053 1212 1171 1278; x_wconf 83' lang='lat' dir='ltr'>divina</span> <span class='ocrx_word' id='word_1_65' title='bbox 1187 1218 1313 1279; x_wconf 81' lang='lat' dir='ltr'>natura</span> <span class='ocrx_word' id='word_1_66' title='bbox 1349 1229 1351 1233; x_wconf 80' lang='grc'>’</span> 
     </span>
     <span class='ocr_line' id='line_1_9' title="bbox 168 1325 1314 1416; baseline 0.003 -25"><span class='ocrx_word' id='word_1_67' title='bbox 168 1325 308 1412; x_wconf 85' lang='lat' dir='ltr'>pendet,</span> <span class='ocrx_word' id='word_1_68' title='bbox 329 1342 425 1407; x_wconf 84' lang='lat' dir='ltr'>nam,</span> <span class='ocrx_word' id='word_1_69' title='bbox 450 1349 531 1393; x_wconf 92' lang='lat' dir='ltr'>cum</span> <span class='ocrx_word' id='word_1_70' title='bbox 554 1326 754 1394; x_wconf 81' lang='lat' dir='ltr'>absolutum</span> <span class='ocrx_word' id='word_1_71' title='bbox 775 1327 819 1393; x_wconf 92' lang='lat' dir='ltr'>sit</span> <span class='ocrx_word' id='word_1_72' title='bbox 839 1327 972 1394; x_wconf 93' lang='lat' dir='ltr'>bonum</span> <span class='ocrx_word' id='word_1_73' title='bbox 998 1328 1072 1416; x_wconf 88' lang='lat' dir='ltr'>ipse</span> <span class='ocrx_word' id='word_1_74' title='bbox 1089 1328 1193 1408; x_wconf 86' lang='lat' dir='ltr'>Deus,</span> <span class='ocrx_word' id='word_1_75' title='bbox 1214 1328 1314 1395; x_wconf 85' lang='lat' dir='ltr'>abso·</span> 
     </span>
     <span class='ocr_line' id='line_1_10' title="bbox 168 1440 1310 1532; baseline 0.004 -26"><span class='ocrx_word' id='word_1_76' title='bbox 168 1440 234 1506; x_wconf 91' lang='lat' dir='ltr'>luti</span> <span class='ocrx_word' id='word_1_77' title='bbox 250 1440 332 1508; x_wconf 89' lang='lat' dir='ltr'>honi</span> <span class='ocrx_word' id='word_1_78' title='bbox 352 1441 429 1508; x_wconf 85' lang='lat' dir='ltr'>idea</span> <span class='ocrx_word' id='word_1_79' title='bbox 450 1442 541 1508; x_wconf 88' lang='lat' dir='ltr'>nihil</span> <span class='ocrx_word' id='word_1_80' title='bbox 563 1442 658 1509; x_wconf 83' lang='lat' dir='ltr'>aliud</span> <span class='ocrx_word' id='word_1_81' title='bbox 681 1444 749 1508; x_wconf 89' lang='lat' dir='ltr'>nisi</span> <span class='ocrx_word' id='word_1_82' title='bbox 773 1443 884 1532; x_wconf 93' lang='lat' dir='ltr'>ipsius</span> <span class='ocrx_word' id='word_1_83' title='bbox 904 1443 968 1509; x_wconf 88' lang='lat' dir='ltr'>Dei</span> <span class='ocrx_word' id='word_1_84' title='bbox 987 1444 1024 1509; x_wconf 93' lang='lat' dir='ltr'>in</span> <span class='ocrx_word' id='word_1_85' title='bbox 1048 1444 1121 1510; x_wconf 90' lang='lat' dir='ltr'>Deo</span> <span class='ocrx_word' id='word_1_86' title='bbox 1146 1443 1224 1510; x_wconf 80' lang='lat' dir='ltr'>idea</span> <span class='ocrx_word' id='word_1_87' title='bbox 1246 1449 1310 1511; x_wconf 92' lang='lat' dir='ltr'>est.</span> 
     </span>
     <span class='ocr_line' id='line_1_11' title="bbox 167 1554 1310 1648; baseline 0.003 -26"><span class='ocrx_word' id='word_1_88' title='bbox 167 1554 289 1646; x_wconf 82' lang='lat' dir='ltr'>Igitur,</span> <span class='ocrx_word' id='word_1_89' title='bbox 323 1556 407 1624; x_wconf 87' lang='lat' dir='ltr'>dum</span> <span class='ocrx_word' id='word_1_90' title='bbox 445 1557 646 1625; x_wconf 83' lang='lat' dir='ltr'>ahsolutum</span> <span class='ocrx_word' id='word_1_91' title='bbox 676 1557 807 1626; x_wconf 92' lang='lat' dir='ltr'>bonum</span> <span class='ocrx_word' id='word_1_92' title='bbox 841 1559 935 1625; x_wconf 89' lang='lat' dir='ltr'>Deus</span> <span class='ocrx_word' id='word_1_93' title='bbox 980 1559 1017 1624; x_wconf 90' lang='lat' dir='ltr'>in</span> <span class='ocrx_word' id='word_1_94' title='bbox 1053 1559 1187 1648; x_wconf 83' lang='lat' dir='ltr'>agendo</span> <span class='ocrx_word' id='word_1_95' title='bbox 1220 1558 1310 1642; x_wconf 91' lang='lat' dir='ltr'>vult,</span> 
     </span>
     <span class='ocr_line' id='line_1_12' title="bbox 167 1673 1311 1764; baseline 0.004 -28"><span class='ocrx_word' id='word_1_96' title='bbox 167 1677 277 1739; x_wconf 89' lang='lat' dir='ltr'>semet</span> <span class='ocrx_word' id='word_1_97' title='bbox 292 1673 422 1760; x_wconf 92' lang='lat' dir='ltr'>ipsum,</span> <span class='ocrx_word' id='word_1_98' title='bbox 435 1696 550 1762; x_wconf 89' lang='lat' dir='ltr'>neque</span> <span class='ocrx_word' id='word_1_99' title='bbox 566 1674 676 1741; x_wconf 83' lang='lat' dir='ltr'>ullam</span> <span class='ocrx_word' id='word_1_100' title='bbox 692 1674 767 1740; x_wconf 92' lang='lat' dir='ltr'>vult</span> <span class='ocrx_word' id='word_1_101' title='bbox 780 1697 854 1740; x_wconf 90' lang='lat' dir='ltr'>rem</span> <span class='ocrx_word' id='word_1_102' title='bbox 865 1673 970 1741; x_wconf 79' lang='lat' dir='ltr'>aliam</span> <span class='ocrx_word' id='word_1_103' title='bbox 985 1695 991 1741; x_wconf 93' lang='lat'>:</span> <span class='ocrx_word' id='word_1_104' title='bbox 1006 1673 1099 1764; x_wconf 92' lang='lat' dir='ltr'>quod</span> <span class='ocrx_word' id='word_1_105' title='bbox 1117 1673 1311 1741; x_wconf 89' lang='lat' dir='ltr'>Leibnitius</span> 
     </span>
     <span class='ocr_line' id='line_1_13' title="bbox 166 1788 1309 1880; baseline 0.003 -27"><span class='ocrx_word' id='word_1_106' title='bbox 166 1788 372 1856; x_wconf 81' lang='lat' dir='ltr'>confirmare</span> <span class='ocrx_word' id='word_1_107' title='bbox 392 1812 464 1856; x_wconf 90' lang='lat' dir='ltr'>non</span> <span class='ocrx_word' id='word_1_108' title='bbox 485 1788 633 1873; x_wconf 79' lang='lat' dir='ltr'>dubitet,</span> <span class='ocrx_word' id='word_1_109' title='bbox 655 1790 784 1880; x_wconf 89' lang='lat' dir='ltr'>quippe</span> <span class='ocrx_word' id='word_1_110' title='bbox 808 1791 881 1878; x_wconf 92' lang='lat' dir='ltr'>qui,</span> <span class='ocrx_word' id='word_1_111' title='bbox 906 1812 1024 1857; x_wconf 83' lang='lat' dir='ltr'>amore</span> <span class='ocrx_word' id='word_1_112' title='bbox 1044 1790 1194 1857; x_wconf 83' lang='lat' dir='ltr'>absoluti</span> <span class='ocrx_word' id='word_1_113' title='bbox 1215 1791 1309 1875; x_wconf 89' lang='lat' dir='ltr'>honi,</span> 
     </span>
     <span class='ocr_line' id='line_1_14' title="bbox 166 1901 1312 1996; baseline 0.004 -29"><span class='ocrx_word' id='word_1_114' title='bbox 166 1901 270 1969; x_wconf 88' lang='lat' dir='ltr'>idest</span> <span class='ocrx_word' id='word_1_115' title='bbox 289 1927 408 1972; x_wconf 84' lang='lat' dir='ltr'>amore</span> <span class='ocrx_word' id='word_1_116' title='bbox 430 1906 507 1987; x_wconf 90' lang='lat' dir='ltr'>Dei,</span> <span class='ocrx_word' id='word_1_117' title='bbox 530 1906 650 1973; x_wconf 84' lang='lat' dir='ltr'>omnia</span> <span class='ocrx_word' id='word_1_118' title='bbox 670 1929 748 1996; x_wconf 81' lang='lat' dir='ltr'>quee</span> <span class='ocrx_word' id='word_1_119' title='bbox 768 1906 870 1972; x_wconf 83' lang='lat' dir='ltr'>faciat</span> <span class='ocrx_word' id='word_1_120' title='bbox 890 1907 1004 1972; x_wconf 90' lang='lat' dir='ltr'>Deum</span> <span class='ocrx_word' id='word_1_121' title='bbox 1024 1906 1139 1973; x_wconf 83' lang='lat' dir='ltr'>facere</span> <span class='ocrx_word' id='word_1_122' title='bbox 1161 1928 1312 1994; x_wconf 82' lang='lat' dir='ltr'>persaepe</span> 
     </span>
     <span class='ocr_line' id='line_1_15' title="bbox 166 2019 1311 2112; baseline 0.002 -25"><span class='ocrx_word' id='word_1_123' title='bbox 166 2019 413 2089; x_wconf 89' lang='lat' dir='ltr'>contenderit:</span> <span class='ocrx_word' id='word_1_124' title='bbox 439 2050 455 2084; x_wconf 87' lang='lat'>«</span> <span class='ocrx_word' id='word_1_125' title='bbox 482 2022 546 2088; x_wconf 87' lang='lat' dir='ltr'>Dei</span> <span class='ocrx_word' id='word_1_126' title='bbox 573 2022 665 2104; x_wconf 91' lang='lat' dir='ltr'>finis,</span> <span class='ocrx_word' id='word_1_127' title='bbox 693 2021 765 2089; x_wconf 89' lang='lat' dir='ltr'>sive</span> <span class='ocrx_word' id='word_1_128' title='bbox 792 2044 917 2112; x_wconf 90' lang='lat' dir='ltr'>scopus</span> <span class='ocrx_word' id='word_1_129' title='bbox 943 2027 994 2088; x_wconf 90' lang='lat' dir='ltr'>est</span> <span class='ocrx_word' id='word_1_130' title='bbox 1016 2022 1134 2089; x_wconf 83' lang='lat' dir='ltr'>laeritia</span> <span class='ocrx_word' id='word_1_131' title='bbox 1159 2023 1311 2112; x_wconf 87' lang='lat' dir='ltr'>propria,</span> 
     </span>
     <span class='ocr_line' id='line_1_16' title="bbox 167 2136 1313 2227; baseline 0.003 -27"><span class='ocrx_word' id='word_1_132' title='bbox 167 2163 182 2196; x_wconf 90' lang='lat'>«</span> <span class='ocrx_word' id='word_1_133' title='bbox 210 2158 271 2201; x_wconf 92' lang='lat' dir='ltr'>scu</span> <span class='ocrx_word' id='word_1_134' title='bbox 290 2159 389 2203; x_wconf 84' lang='lat' dir='ltr'>amor</span> <span class='ocrx_word' id='word_1_135' title='bbox 413 2137 500 2204; x_wconf 92' lang='lat' dir='ltr'>sui¹.</span> <span class='ocrx_word' id='word_1_136' title='bbox 521 2166 536 2200; x_wconf 76' lang='lat' dir='ltr'>n</span> <span class='ocrx_word' id='word_1_137' title='bbox 560 2138 674 2227; x_wconf 86' lang='lat' dir='ltr'>Atque</span> <span class='ocrx_word' id='word_1_138' title='bbox 694 2136 815 2204; x_wconf 89' lang='lat' dir='ltr'>eodem</span> <span class='ocrx_word' id='word_1_139' title='bbox 833 2137 920 2204; x_wconf 86' lang='lat' dir='ltr'>loco.</span> <span class='ocrx_word' id='word_1_140' title='bbox 946 2165 962 2199; x_wconf 91' lang='lat'>«</span> <span class='ocrx_word' id='word_1_141' title='bbox 977 2138 1071 2204; x_wconf 88' lang='lat' dir='ltr'>Deus</span> <span class='ocrx_word' id='word_1_142' title='bbox 1086 2144 1263 2205; x_wconf 80' lang='lat' dir='ltr'>creaturas</span> <span class='ocrx_word' id='word_1_143' title='bbox 1279 2144 1313 2204; x_wconf 92' lang='lat' dir='ltr'>et</span> 
     </span>
     <span class='ocr_line' id='line_1_17' title="bbox 167 2252 1311 2343; baseline 0.003 -26"><span class='ocrx_word' id='word_1_144' title='bbox 167 2278 182 2312; x_wconf 89' lang='lat'>«</span> <span class='ocrx_word' id='word_1_145' title='bbox 209 2253 363 2319; x_wconf 85' lang='lat' dir='ltr'>maxime</span> <span class='ocrx_word' id='word_1_146' title='bbox 387 2258 505 2319; x_wconf 89' lang='lat' dir='ltr'>mente</span> <span class='ocrx_word' id='word_1_147' title='bbox 528 2253 689 2343; x_wconf 80' lang='lat' dir='ltr'>praeditas</span> <span class='ocrx_word' id='word_1_148' title='bbox 713 2255 845 2320; x_wconf 86' lang='lat' dir='ltr'>creavit</span> <span class='ocrx_word' id='word_1_149' title='bbox 871 2259 1010 2343; x_wconf 91' lang='lat' dir='ltr'>propter</span> <span class='ocrx_word' id='word_1_150' title='bbox 1038 2252 1185 2343; x_wconf 83' lang='lat' dir='ltr'>gloriam</span> <span class='ocrx_word' id='word_1_151' title='bbox 1211 2277 1311 2321; x_wconf 86' lang='lat' dir='ltr'>suam</span> 
     </span>
     <span class='ocr_line' id='line_1_18' title="bbox 167 2369 457 2434; baseline -0.014 -1"><span class='ocrx_word' id='word_1_152' title='bbox 167 2393 183 2427; x_wconf 93' lang='lat'>«</span> <span class='ocrx_word' id='word_1_153' title='bbox 209 2389 326 2434; x_wconf 83' lang='lat' dir='ltr'>amore</span> <span class='ocrx_word' id='word_1_154' title='bbox 344 2369 418 2434; x_wconf 80' lang='lat' dir='ltr'>sui¹</span> <span class='ocrx_word' id='word_1_155' title='bbox 441 2396 457 2429; x_wconf 88' lang='lat'>»</span> 
     </span>
    </p>

    <p class='ocr_par' dir='ltr' id='par_1_3' title="bbox 164 2482 1312 4077">
     <span class='ocr_line' id='line_1_19' title="bbox 211 2482 1308 2574; baseline 0 -24"><span class='ocrx_word' id='word_1_156' title='bbox 211 2482 295 2563; x_wconf 82' lang='lat' dir='ltr'>Quae</span> <span class='ocrx_word' id='word_1_157' title='bbox 320 2505 401 2550; x_wconf 88' lang='lat' dir='ltr'>cum</span> <span class='ocrx_word' id='word_1_158' title='bbox 431 2485 478 2550; x_wconf 85' lang='lat' dir='ltr'>ita</span> <span class='ocrx_word' id='word_1_159' title='bbox 503 2485 585 2564; x_wconf 92' lang='lat' dir='ltr'>sint,</span> <span class='ocrx_word' id='word_1_160' title='bbox 610 2508 652 2552; x_wconf 81' lang='lat' dir='ltr'>err</span> <span class='ocrx_word' id='word_1_161' title='bbox 673 2484 749 2571; x_wconf 80' lang='lat' dir='ltr'>ipsu</span> <span class='ocrx_word' id='word_1_162' title='bbox 771 2487 844 2551; x_wconf 82' lang='lat' dir='ltr'>sola</span> <span class='ocrx_word' id='word_1_163' title='bbox 869 2484 933 2551; x_wconf 83' lang='lat' dir='ltr'>Dei</span> <span class='ocrx_word' id='word_1_164' title='bbox 960 2497 1089 2551; x_wconf 82' lang='lat' dir='ltr'>natura</span> <span class='ocrx_word' id='word_1_165' title='bbox 1116 2485 1308 2574; x_wconf 83' lang='lat' dir='ltr'>explicetur</span> 
     </span>
     <span class='ocr_line' id='line_1_20' title="bbox 165 2598 1312 2690; baseline 0 -24"><span class='ocrx_word' id='word_1_166' title='bbox 165 2598 336 2689; x_wconf 90' lang='lat' dir='ltr'>quidquid</span> <span class='ocrx_word' id='word_1_167' title='bbox 365 2601 458 2666; x_wconf 89' lang='lat' dir='ltr'>Deus</span> <span class='ocrx_word' id='word_1_168' title='bbox 488 2600 587 2683; x_wconf 84' lang='lat' dir='ltr'>facit;</span> <span class='ocrx_word' id='word_1_169' title='bbox 621 2601 692 2690; x_wconf 92' lang='lat' dir='ltr'>qui,</span> <span class='ocrx_word' id='word_1_170' title='bbox 724 2599 808 2667; x_wconf 91' lang='lat' dir='ltr'>dum</span> <span class='ocrx_word' id='word_1_171' title='bbox 836 2599 926 2668; x_wconf 90' lang='lat' dir='ltr'>bono</span> <span class='ocrx_word' id='word_1_172' title='bbox 958 2602 1116 2682; x_wconf 83' lang='lat' dir='ltr'>asservit,</span> <span class='ocrx_word' id='word_1_173' title='bbox 1153 2601 1219 2668; x_wconf 91' lang='lat' dir='ltr'>sibi</span> <span class='ocrx_word' id='word_1_174' title='bbox 1247 2601 1312 2668; x_wconf 93' lang='lat' dir='ltr'>soli</span> 
     </span>
     <span class='ocr_line' id='line_1_21' title="bbox 165 2715 1312 2807; baseline 0.003 -27"><span class='ocrx_word' id='word_1_175' title='bbox 165 2716 278 2806; x_wconf 81' lang='lat' dir='ltr'>reipsa</span> <span class='ocrx_word' id='word_1_176' title='bbox 294 2715 451 2784; x_wconf 80' lang='lat' dir='ltr'>asservit.</span> <span class='ocrx_word' id='word_1_177' title='bbox 476 2715 568 2799; x_wconf 82' lang='lat' dir='ltr'>Quia</span> <span class='ocrx_word' id='word_1_178' title='bbox 585 2715 664 2782; x_wconf 83' lang='lat' dir='ltr'>telis</span> <span class='ocrx_word' id='word_1_179' title='bbox 686 2722 739 2783; x_wconf 88' lang='lat' dir='ltr'>est</span> <span class='ocrx_word' id='word_1_180' title='bbox 764 2717 872 2798; x_wconf 78' lang='lat' dir='ltr'>DeuS,</span> <span class='ocrx_word' id='word_1_181' title='bbox 898 2738 1012 2807; x_wconf 91' lang='lat' dir='ltr'>neque</span> <span class='ocrx_word' id='word_1_182' title='bbox 1029 2716 1104 2782; x_wconf 83' lang='lat' dir='ltr'>ulla</span> <span class='ocrx_word' id='word_1_183' title='bbox 1123 2715 1192 2783; x_wconf 84' lang='lat' dir='ltr'>clia</span> <span class='ocrx_word' id='word_1_184' title='bbox 1208 2739 1312 2784; x_wconf 83' lang='lat' dir='ltr'>causa</span> 
     </span>
     <span class='ocr_line' id='line_1_22' title="bbox 165 2831 1311 2922; baseline 0.001 -24"><span class='ocrx_word' id='word_1_185' title='bbox 165 2832 329 2915; x_wconf 79' lang='lat' dir='ltr'>adhibita,</span> <span class='ocrx_word' id='word_1_186' title='bbox 356 2832 444 2900; x_wconf 95' lang='lat' dir='ltr'>illud</span> <span class='ocrx_word' id='word_1_187' title='bbox 472 2833 545 2922; x_wconf 85' lang='lat' dir='ltr'>agit</span> <span class='ocrx_word' id='word_1_188' title='bbox 572 2831 665 2922; x_wconf 93' lang='lat' dir='ltr'>quod</span> <span class='ocrx_word' id='word_1_189' title='bbox 695 2832 776 2922; x_wconf 85' lang='lat' dir='ltr'>agit.</span> <span class='ocrx_word' id='word_1_190' title='bbox 803 2833 894 2922; x_wconf 86' lang='lat' dir='ltr'>Ergo</span> <span class='ocrx_word' id='word_1_191' title='bbox 917 2832 1067 2919; x_wconf 86' lang='lat' dir='ltr'>perfecte</span> <span class='ocrx_word' id='word_1_192' title='bbox 1094 2840 1129 2900; x_wconf 88' lang='lat' dir='ltr'>et</span> <span class='ocrx_word' id='word_1_193' title='bbox 1154 2831 1311 2900; x_wconf 84' lang='lat' dir='ltr'>absolute</span> 
     </span>
     <span class='ocr_line' id='line_1_23' title="bbox 164 2947 1312 3038; baseline 0.002 -25"><span class='ocrx_word' id='word_1_194' title='bbox 164 2947 316 3015; x_wconf 88' lang='lat' dir='ltr'>liberum</span> <span class='ocrx_word' id='word_1_195' title='bbox 343 2970 422 3016; x_wconf 89' lang='lat' dir='ltr'>eum</span> <span class='ocrx_word' id='word_1_196' title='bbox 449 2954 586 3036; x_wconf 86' lang='lat' dir='ltr'>oportet</span> <span class='ocrx_word' id='word_1_197' title='bbox 619 2947 788 3030; x_wconf 78' lang='lat' dir='ltr'>dicamus,</span> <span class='ocrx_word' id='word_1_198' title='bbox 818 2953 938 3036; x_wconf 85' lang='lat' dir='ltr'>utpote</span> <span class='ocrx_word' id='word_1_199' title='bbox 968 2947 1068 3036; x_wconf 86' lang='lat' dir='ltr'>cujus</span> <span class='ocrx_word' id='word_1_200' title='bbox 1098 2949 1249 3038; x_wconf 84' lang='lat' dir='ltr'>perfecte</span> <span class='ocrx_word' id='word_1_201' title='bbox 1278 2966 1312 3015; x_wconf 83' lang='lat' dir='ltr'>er</span> 
     </span>
     <span class='ocr_line' id='line_1_24' title="bbox 164 3062 1312 3153; baseline 0 -24"><span class='ocrx_word' id='word_1_202' title='bbox 164 3063 321 3130; x_wconf 83' lang='lat' dir='ltr'>obsolute</span> <span class='ocrx_word' id='word_1_203' title='bbox 345 3064 492 3131; x_wconf 84' lang='lat' dir='ltr'>actionis</span> <span class='ocrx_word' id='word_1_204' title='bbox 517 3086 622 3131; x_wconf 78' lang='lat' dir='ltr'>causa</span> <span class='ocrx_word' id='word_1_205' title='bbox 647 3062 882 3153; x_wconf 81' lang='lat' dir='ltr'>intellegenda</span> <span class='ocrx_word' id='word_1_206' title='bbox 903 3063 959 3145; x_wconf 89' lang='lat' dir='ltr'>sit,</span> <span class='ocrx_word' id='word_1_207' title='bbox 982 3085 1063 3129; x_wconf 91' lang='lat' dir='ltr'>cum</span> <span class='ocrx_word' id='word_1_208' title='bbox 1087 3063 1164 3152; x_wconf 86' lang='lat' dir='ltr'>ejus</span> <span class='ocrx_word' id='word_1_209' title='bbox 1187 3068 1312 3130; x_wconf 78' lang='lat' dir='ltr'>notura</span> 
     </span>
     <span class='ocr_line' id='line_1_25' title="bbox 166 3177 1312 3269; baseline 0 -27"><span class='ocrx_word' id='word_1_210' title='bbox 166 3179 267 3268; x_wconf 83' lang='lat' dir='ltr'>plane</span> <span class='ocrx_word' id='word_1_211' title='bbox 289 3186 449 3269; x_wconf 83' lang='lat' dir='ltr'>percepta</span> <span class='ocrx_word' id='word_1_212' title='bbox 471 3180 550 3259; x_wconf 80' lang='lat' dir='ltr'>erit3</span> <span class='ocrx_word' id='word_1_213' title='bbox 573 3186 623 3261; x_wconf 92' lang='lat' dir='ltr'>ut,</span> <span class='ocrx_word' id='word_1_214' title='bbox 650 3177 693 3245; x_wconf 81' lang='lat' dir='ltr'>ad</span> <span class='ocrx_word' id='word_1_215' title='bbox 716 3200 904 3261; x_wconf 81' lang='lat' dir='ltr'>summam,</span> <span class='ocrx_word' id='word_1_216' title='bbox 926 3177 1058 3244; x_wconf 91' lang='lat' dir='ltr'>nedum</span> <span class='ocrx_word' id='word_1_217' title='bbox 1075 3178 1223 3245; x_wconf 81' lang='lat' dir='ltr'>actionis</span> <span class='ocrx_word' id='word_1_218' title='bbox 1248 3177 1312 3244; x_wconf 87' lang='lat' dir='ltr'>Dei</span> 
     </span>
     <span class='ocr_line' id='line_1_26' title="bbox 165 3291 1312 3383; baseline -0.001 -24"><span class='ocrx_word' id='word_1_219' title='bbox 165 3294 238 3360; x_wconf 85' lang='lat' dir='ltr'>ulla</span> <span class='ocrx_word' id='word_1_220' title='bbox 253 3295 299 3360; x_wconf 90' lang='lat' dir='ltr'>sit</span> <span class='ocrx_word' id='word_1_221' title='bbox 317 3301 461 3362; x_wconf 86' lang='lat' dir='ltr'>externo</span> <span class='ocrx_word' id='word_1_222' title='bbox 479 3316 595 3376; x_wconf 81' lang='lat' dir='ltr'>causa,</span> <span class='ocrx_word' id='word_1_223' title='bbox 620 3295 692 3383; x_wconf 86' lang='lat' dir='ltr'>ipse</span> <span class='ocrx_word' id='word_1_224' title='bbox 711 3293 840 3360; x_wconf 89' lang='lat' dir='ltr'>decreti</span> <span class='ocrx_word' id='word_1_225' title='bbox 861 3294 916 3360; x_wconf 93' lang='lat' dir='ltr'>sui</span> <span class='ocrx_word' id='word_1_226' title='bbox 940 3292 1013 3359; x_wconf 84' lang='lat' dir='ltr'>sola</span> <span class='ocrx_word' id='word_1_227' title='bbox 1031 3293 1119 3359; x_wconf 77' lang='lat' dir='ltr'>ratio</span> <span class='ocrx_word' id='word_1_228' title='bbox 1135 3293 1192 3360; x_wconf 90' lang='lat' dir='ltr'>sit.</span> <span class='ocrx_word' id='word_1_229' title='bbox 1211 3291 1312 3375; x_wconf 86' lang='lat' dir='ltr'>Quod</span> 
     </span>
     <span class='ocr_line' id='line_1_27' title="bbox 166 3408 1310 3499; baseline -0.002 -25"><span class='ocrx_word' id='word_1_230' title='bbox 166 3409 372 3477; x_wconf 88' lang='lat' dir='ltr'>conclusum</span> <span class='ocrx_word' id='word_1_231' title='bbox 397 3433 438 3477; x_wconf 89' lang='lat' dir='ltr'>ex</span> <span class='ocrx_word' id='word_1_232' title='bbox 458 3409 616 3478; x_wconf 79' lang='lat' dir='ltr'>absoluta</span> <span class='ocrx_word' id='word_1_233' title='bbox 631 3410 707 3499; x_wconf 89' lang='lat' dir='ltr'>ejus</span> <span class='ocrx_word' id='word_1_234' title='bbox 728 3415 861 3476; x_wconf 82' lang='lat' dir='ltr'>naturae</span> <span class='ocrx_word' id='word_1_235' title='bbox 882 3409 1093 3499; x_wconf 80' lang='lat' dir='ltr'>perfectione</span> <span class='ocrx_word' id='word_1_236' title='bbox 1118 3408 1310 3497; x_wconf 80' lang='lat' dir='ltr'>colligitur.</span> 
     </span>
     <span class='ocr_line' id='line_1_28' title="bbox 166 3523 1311 3617; baseline 0.001 -26"><span class='ocrx_word' id='word_1_237' title='bbox 166 3525 255 3592; x_wconf 84' lang='lat' dir='ltr'>Nom</span> <span class='ocrx_word' id='word_1_238' title='bbox 283 3531 421 3594; x_wconf 83' lang='lat' dir='ltr'>tantum</span> <span class='ocrx_word' id='word_1_239' title='bbox 452 3527 535 3617; x_wconf 85' lang='lat' dir='ltr'>quia</span> <span class='ocrx_word' id='word_1_240' title='bbox 563 3526 737 3617; x_wconf 86' lang='lat' dir='ltr'>perfectus</span> <span class='ocrx_word' id='word_1_241' title='bbox 764 3530 817 3592; x_wconf 90' lang='lat' dir='ltr'>est</span> <span class='ocrx_word' id='word_1_242' title='bbox 847 3523 1046 3592; x_wconf 80' lang='lat' dir='ltr'>absolutum</span> <span class='ocrx_word' id='word_1_243' title='bbox 1077 3524 1211 3591; x_wconf 91' lang='lat' dir='ltr'>honum</span> <span class='ocrx_word' id='word_1_244' title='bbox 1238 3524 1311 3592; x_wconf 92' lang='lat' dir='ltr'>sive</span> 
     </span>
     <span class='ocr_line' id='line_1_29' title="bbox 166 3641 1311 3732; baseline 0 -25"><span class='ocrx_word' id='word_1_245' title='bbox 166 3646 276 3708; x_wconf 90' lang='lat' dir='ltr'>semet</span> <span class='ocrx_word' id='word_1_246' title='bbox 302 3642 418 3731; x_wconf 91' lang='lat' dir='ltr'>ipsum</span> <span class='ocrx_word' id='word_1_247' title='bbox 441 3665 578 3732; x_wconf 89' lang='lat' dir='ltr'>semper</span> <span class='ocrx_word' id='word_1_248' title='bbox 608 3643 708 3709; x_wconf 90' lang='lat' dir='ltr'>novit</span> <span class='ocrx_word' id='word_1_249' title='bbox 730 3648 833 3731; x_wconf 85' lang='lat' dir='ltr'>atque</span> <span class='ocrx_word' id='word_1_250' title='bbox 858 3641 934 3709; x_wconf 92' lang='lat' dir='ltr'>vult</span> <span class='ocrx_word' id='word_1_251' title='bbox 952 3642 1072 3708; x_wconf 90' lang='lat' dir='ltr'>Deus:</span> <span class='ocrx_word' id='word_1_252' title='bbox 1100 3641 1181 3730; x_wconf 85' lang='lat' dir='ltr'>quia</span> <span class='ocrx_word' id='word_1_253' title='bbox 1204 3641 1311 3730; x_wconf 88' lang='lat' dir='ltr'>igitur</span> 
     </span>
     <span class='ocr_line' id='line_1_30' title="bbox 165 3754 1310 3847; baseline -0.002 -26"><span class='ocrx_word' id='word_1_254' title='bbox 165 3756 342 3844; x_wconf 85' lang='lat' dir='ltr'>perfectus</span> <span class='ocrx_word' id='word_1_255' title='bbox 360 3758 600 3825; x_wconf 82' lang='lat' dir='ltr'>tantummodo</span> <span class='ocrx_word' id='word_1_256' title='bbox 616 3758 664 3824; x_wconf 88' lang='lat' dir='ltr'>sic</span> <span class='ocrx_word' id='word_1_257' title='bbox 680 3759 750 3847; x_wconf 83' lang='lat' dir='ltr'>agit</span> <span class='ocrx_word' id='word_1_258' title='bbox 765 3761 803 3824; x_wconf 88' lang='lat' dir='ltr'>ut</span> <span class='ocrx_word' id='word_1_259' title='bbox 817 3756 988 3847; x_wconf 91' lang='lat' dir='ltr'>quidquid</span> <span class='ocrx_word' id='word_1_260' title='bbox 1004 3756 1085 3823; x_wconf 85' lang='lat' dir='ltr'>facit</span> <span class='ocrx_word' id='word_1_261' title='bbox 1104 3778 1122 3822; x_wconf 92' lang='lat' dir='ltr'>e</span> <span class='ocrx_word' id='word_1_262' title='bbox 1139 3754 1214 3823; x_wconf 82' lang='lat' dir='ltr'>solu</span> <span class='ocrx_word' id='word_1_263' title='bbox 1234 3755 1310 3843; x_wconf 88' lang='lat' dir='ltr'>ejus</span> 
     </span>
     <span class='ocr_line' id='line_1_31' title="bbox 164 3868 1310 3963; baseline -0.003 -25"><span class='ocrx_word' id='word_1_264' title='bbox 164 3876 290 3939; x_wconf 81' lang='lat' dir='ltr'>natura</span> <span class='ocrx_word' id='word_1_265' title='bbox 308 3872 548 3962; x_wconf 82' lang='lat' dir='ltr'>cognoscenda</span> <span class='ocrx_word' id='word_1_266' title='bbox 570 3873 736 3963; x_wconf 85' lang='lat' dir='ltr'>explicari</span> <span class='ocrx_word' id='word_1_267' title='bbox 757 3874 878 3960; x_wconf 91' lang='lat' dir='ltr'>possit.</span> <span class='ocrx_word' id='word_1_268' title='bbox 898 3870 989 3962; x_wconf 83' lang='lat' dir='ltr'>Ergo</span> <span class='ocrx_word' id='word_1_269' title='bbox 1006 3872 1174 3960; x_wconf 81' lang='lat' dir='ltr'>perfectio</span> <span class='ocrx_word' id='word_1_270' title='bbox 1191 3868 1310 3935; x_wconf 86' lang='lat' dir='ltr'>divina</span> 
     </span>
     <span class='ocr_line' id='line_1_32' title="bbox 165 3987 920 4077; baseline 0.001 -23"><span class='ocrx_word' id='word_1_271' title='bbox 165 3987 321 4056; x_wconf 86' lang='lat' dir='ltr'>divinam</span> <span class='ocrx_word' id='word_1_272' title='bbox 336 3988 533 4055; x_wconf 83' lang='lat' dir='ltr'>libertatem</span> <span class='ocrx_word' id='word_1_273' title='bbox 547 3988 704 4077; x_wconf 83' lang='lat' dir='ltr'>implicat</span> <span class='ocrx_word' id='word_1_274' title='bbox 719 3988 920 4074; x_wconf 83' lang='lat' dir='ltr'>perfectam.</span> 
     </span>
    </p>
   </div>
   <div class='ocr_carea' id='block_1_3' title="bbox 196 4281 525 4410">
    <p class='ocr_par' dir='ltr' id='par_1_4' title="bbox 196 4281 525 4410">
     <span class='ocr_line' id='line_1_33' title="bbox 197 4281 525 4345; baseline 0 -16"><span class='ocrx_word' id='word_1_275' title='bbox 197 4285 218 4329; x_wconf 84' lang='lat' dir='ltr'>r.</span> <span class='ocrx_word' id='word_1_276' title='bbox 234 4281 324 4340; x_wconf 69' lang='lat' dir='ltr'>oet-n,</span> <span class='ocrx_word' id='word_1_277' title='bbox 339 4284 357 4330; x_wconf 83' lang='lat' dir='ltr'>t.</span> <span class='ocrx_word' id='word_1_278' title='bbox 375 4281 430 4342; x_wconf 84' lang='lat' dir='ltr'>vn,</span> <span class='ocrx_word' id='word_1_279' title='bbox 445 4297 471 4345; x_wconf 80' lang='lat' dir='ltr'>p.</span> <span class='ocrx_word' id='word_1_280' title='bbox 487 4283 525 4340; x_wconf 81' lang='lat' dir='ltr'>u,</span> 
     </span>
     <span class='ocr_line' id='line_1_34' title="bbox 196 4359 301 4410; baseline 0.038 -4"><span class='ocrx_word' id='word_1_281' title='bbox 196 4362 219 4408; x_wconf 76' lang='lat'>2.</span> <span class='ocrx_word' id='word_1_282' title='bbox 236 4359 301 4410; x_wconf 70' lang='lat' dir='ltr'>rora.</span> 
     </span>
    </p>
   </div>
   <div class='ocr_carea' id='block_1_4' title="bbox 0 0 1486 4988">
    <p class='ocr_par' dir='ltr' id='par_1_5' title="bbox 0 0 1486 4988">
     <span class='ocr_line' id='line_1_35' title="bbox 0 0 1486 4988; baseline 0 1"><span class='ocrx_word' id='word_1_283' title='bbox 0 0 1486 4988; x_wconf 95' lang='lat' dir='ltr'> </span> 
     </span>
    </p>
   </div>
  </div>
 </body>
</html>
