2964 4988
168 390 202 441 10
227 388 229 395 '
434 390 480 443 DE
505 389 699 444 LIBERTATE
722 390 816 444 APUD
842 388 1044 444 LEIBNITIUM

158 526 186 598 ¹«
205 539 478 628 qu’empiriques
495 539 641 607 dansles
653 541 738 608 trois
751 547 872 630 quarts
893 541 934 607 de
950 562 1014 608 nos
1030 542 1179 608 actions¹
1198 563 1232 620 »ς
1250 541 1310 613 ira.

168 675 248 720 enm
263 657 467 745 cogitemus,
482 679 546 725 nos
565 657 778 747 psittacismo
795 656 958 746 quodam,
971 679 1041 724 non
1056 657 1143 724 ideis
1159 679 1312 748 persaepe

166 771 229 836 uti.
251 770 327 851 Qua
347 794 389 840 ex
411 797 448 842 re
470 774 625 842 accidere
651 780 690 841 ut
716 771 804 840 bene
830 774 957 863 saepius
980 771 1192 863 judicemus,
1223 772 1312 841 male

165 897 284 958 autem
304 912 465 980 agamus3
488 889 581 980 quod
602 913 673 957 non
693 889 802 969 fieret,
825 890 855 955 si
877 890 1111 957 effecissemus
1138 897 1177 957 ut
1196 893 1313 956 essent

168 1033 184 1069 «
206 1007 256 1074 les
269 1007 360 1073 vrais
373 1006 472 1075 hiens
488 1012 522 1074 et
536 1007 589 1074 les
602 1007 694 1074 vrais
709 1029 815 1073 maux
830 1004 1000 1073 sensibles
1012 1007 1022 1041 ²
1035 1033 1065 1073 ».

211 1238 391 1306 Immerito
412 1239 519 1328 igitur
541 1238 735 1305 Gartesinm
761 1237 1049 1326 Cartesianosque
1072 1236 1206 1304 homini
1227 1234 1313 1304 libe·

166 1376 244 1421 rum
265 1354 448 1422 arbitrium
464 1355 639 1444 putavisse
653 1353 848 1422 Leibnitins
864 1353 1050 1420 existimat.

210 1821 304 1889 Num
321 1842 415 1902 vero,
427 1821 509 1910 quia
523 1821 759 1887 Cariesianain
774 1821 985 1889 sententiam
996 1819 1126 1909 rejecit,
1145 1821 1311 1908 Spinoza-

165 1959 248 2003 nam
264 1941 421 2002 assumat
435 1934 629 2002 Leibnitius
646 1957 787 2003 necesse
800 1937 873 2006 est?
892 1935 1015 2013 Immo.
1031 1940 1162 2017 eontra,
1180 1936 1218 2002 in
1234 1958 1310 2002 eam

165 2051 407 2119 vehementius
428 2052 533 2117 etiam
558 2027 749 2132 invehitur,
769 2072 849 2117 eum
873 2077 889 2113 «
912 2050 1104 2118 absurdum
1127 2079 1142 2112 a
1167 2051 1310 2120 Cartesii

166 2166 207 2234 de
234 2166 405 2249 libertate,
433 2194 449 2228 «
473 2174 728 2232 monstrosum³
753 2194 768 2227 n
798 2188 876 2233 vero
900 2165 1056 2256 Spinozae
1085 2166 1212 2258 dogma
1237 2190 1311 2235 esse

166 2283 380 2374 profiteatur.
442 2262 447 2271 ι

210 2399 389 2482 Attamen,
409 2420 481 2466 non
502 2397 625 2466 eodem
646 2420 714 2488 quo
739 2421 821 2488 erga
841 2397 1046 2476 Genesium,
1068 2400 1104 2467 in
1125 2400 1310 2490 Spinozam

165 2515 366 2606 disputandi
383 2537 508 2606 genere
524 2538 622 2598 usne,
640 2514 881 2604 metaphysica
891 2515 1059 2599 Cartesio‚
1074 2516 1220 2584 moralia
1235 2522 1311 2584 tan-

164 2631 346 2699 tummodo
377 2631 534 2720 Spinozae
563 2630 698 2720 objecta
725 2632 908 2721 proponit:
940 2631 1082 2714 scilicet,
1112 2633 1311 2701 Carlesiana

164 2748 292 2815 refutat
307 2753 527 2838 argumenta,
549 2747 705 2836 Spinozae
728 2768 807 2814 vero
823 2747 993 2813 assentire
1008 2768 1080 2813 non
1096 2747 1183 2814 vuit.

170 3019 172 3027 π
209 2979 366 3047 Pessime
388 3000 443 3046 res
465 2978 703 3046 demonstrare
729 2977 913 3067 Spinonem
936 3001 1089 3070 persaepe
1113 2979 1313 3049 Leibnitius

165 3103 351 3166 asseverat.
370 3125 386 3159 ι(
408 3094 453 3163 Ce
475 3095 635 3186 Spinoza,
657 3094 858 3183 inquitest
878 3094 973 3181 plein
996 3096 1037 3164 de
1060 3099 1210 3165 reverias
1230 3098 1310 3166 bien

167 3241 184 3278 α
200 3213 510 3295 embarrassees,et
520 3234 574 3280 ses
583 3211 792 3302 pretendues
802 3211 1093 3280 demonstrations
1104 3213 1145 3280 de
1153 3218 1219 3280 Deo
1229 3214 1310 3282 n'en

167 3358 184 3394 «
206 3337 267 3397 ont
282 3352 343 3419 pas
359 3328 554 3398 seulement
575 3329 606 3396 le
627 3327 830 3396 sembiant⁴.
856 3356 872 3390 »
895 3329 939 3395 Et
958 3329 1028 3396 alio
1047 3330 1125 3396 loco
1144 3351 1151 3396 :
1171 3359 1186 3391 α
1210 3331 1310 3399 Certe

168 3470 185 3508 (ι
207 3447 356 3535 Spinoza
370 3468 442 3513 non
454 3451 506 3513 est
518 3467 667 3536 magnus
680 3443 942 3511 demonstrandi
955 3445 1080 3511 artifex
1090 3446 1113 3512 ⁵.
1130 3447 1310 3513 »Facilius

166 3567 283 3630 autem
312 3561 499 3630 affirmavit
527 3582 632 3650 quam
657 3559 827 3648 probavit.
851 3559 941 3625 Nam
964 3560 1081 3650 potius
1104 3561 1311 3652 Spinozanis

167 3678 351 3746 sententiis
366 3677 494 3767 dogma
512 3676 675 3767 opposuit
694 3698 797 3742 suum
817 3697 924 3764 quam
944 3675 1050 3742 falsas
1064 3699 1139 3744 esse
1154 3679 1311 3768 Spinozae

166 3795 356 3863 sententias
376 3793 644 3876 demonstravit;
663 3800 788 3859 cuneta
806 3792 901 3858 eninr
921 3798 1127 3882 argumenta
1143 3817 1219 3884 quae
1236 3795 1312 3886 Spi-

164 3933 297 3981 nozano
324 3910 366 3979 de
390 3910 599 3978 necessitate
622 3909 749 3998 placito
774 3907 972 3977 Leibnitius
997 3908 1116 3999 objicit
1142 3912 1179 3978 in
1200 3934 1311 3980 unum

197 4086 219 4133 i.
235 4080 432 4144 Monadolopie‚
445 4093 504 4145 par.
518 4081 556 4129 28.

197 4166 220 4213 2.
236 4163 381 4212 Nouoeaur
395 4161 485 4224 essois,
501 4159 519 4211 l.
532 4161 566 4222 11,
580 4161 658 4225 chap.
671 4174 726 4210 xxr.
738 4160 824 4210 tanet.
837 4161 856 4209 t.
873 4161 896 4220 1,
912 4175 939 4224 p.
955 4161 1008 4210 164.

198 4246 221 4293 3.
238 4243 312 4293 Gorr.
324 4257 385 4292 avec
399 4243 542 4306 Bourpuet.
555 4241 644 4303 Germ,
657 4243 677 4293 t.
692 4241 739 4302 111,
752 4255 778 4305 p.
792 4241 837 4290 546
856 4240 931 4304 (sans
948 4241 1029 4298 date).

197 4323 464 4401 r.;.1a‚u..‚ppaua
479 4323 567 4383 aera..
580 4325 600 4373 t.
616 4322 649 4383 11,
663 4337 690 4387 p.
707 4324 751 4371 raa
767 4322 859 4386 (resa).

198 4394 482 4480 titttirerotrtioaa‘sbtr
496 4394 630 4468 l'iittrique
644 4403 678 4452 de
692 4403 814 4467 Spinoza.
830 4403 919 4465 Gerh.‚
933 4406 952 4454 t.
966 4403 987 4465 l,
1002 4417 1029 4468 p.
1043 4403 1098 4452 148.
