2964 4988
181 396 213 446 18
447 392 492 445 DE
518 392 713 445 LtBERTATE
737 393 831 446 APUD
857 391 1058 448 LEIBNlTIUM

179 540 365 608 dictionem
387 541 594 630 implicet».
621 541 660 608 ld
683 547 801 609 autem
829 541 1023 608 secuudum
1051 563 1068 608 e
1099 540 1245 631 physica
1271 541 1328 608 vel

178 655 402 745 hypothetica
433 656 538 745 quod,
558 658 671 724 causis
696 657 796 740 datis,
819 679 891 725 non
919 656 995 723 fieri
1022 679 1092 723 non
1119 657 1239 747 possit,
1261 679 1328 725 nec

177 776 294 838 tamen
322 794 340 838 e
368 772 482 838 causis
507 772 745 863 metaphysica
770 772 977 840 necessariis
1002 777 1131 839 manet.
1154 771 1245 839 illud
1267 771 1325 839 de-

175 887 282 976 nique
312 911 330 955 e
366 887 490 954 morali
523 887 672 977 pendere
704 889 909 956 necessitate
937 916 953 951 «
983 889 1082 978 cujus
1110 888 1325 955 contrarium

173 1001 332 1091 implicet
364 1003 665 1092 imperfectionem
695 1026 756 1072 seu
784 1003 1034 1072 absurditatem
1066 1003 1262 1071 moralem¹
1292 1031 1321 1070 ».

173 1117 351 1208 Quidquid
371 1125 489 1187 autem
509 1142 527 1186 e
551 1119 707 1209 physica,
726 1119 831 1186 simul
852 1142 870 1187 e
896 1120 1020 1187 morali
1037 1120 1188 1210 pendere
1203 1142 1324 1187 neces·

172 1234 284 1300 sitate.
313 1235 400 1301 Nam
430 1234 602 1324 quidquid
630 1235 685 1316 sit,
717 1241 777 1302 aut
809 1236 1021 1319 necessario,
1052 1241 1112 1303 aut
1140 1236 1221 1325 quia
1251 1235 1323 1303 sint

171 1347 270 1416 bonae
300 1349 377 1439 ejus
406 1373 531 1433 causae,
550 1351 727 1418 exsistere.
756 1350 840 1419 Inde
866 1351 998 1441 aliquid
1031 1351 1200 1442 ambigui.
1234 1351 1321 1418 Cum
1377 1379 1381 1391 ¹

170 1465 263 1530 enim
279 1464 510 1533 determinate
530 1466 635 1534 homo
659 1489 796 1557 semper
810 1473 887 1534 aeta
907 1466 1020 1548 faciat,
1040 1466 1183 1557 physice
1199 1488 1321 1533 neces-

169 1582 260 1647 saria
288 1604 363 1650 esse
397 1582 472 1672 ejus
506 1582 597 1649 facta
629 1583 857 1651 manifestum
887 1596 1075 1674 'apparere;
1107 1605 1189 1649 nam
1226 1581 1338 1671 quod.

167 1695 1316 1789 determinatum,idphysicenecessariumest.Sedquodphysice‚

165 1813 387 1881 nullomodo
408 1814 647 1906 metaphysice
672 1817 907 1883 necessarium
928 1815 996 1882 dici
1014 1837 1125 1904 posse.
1146 1813 1254 1903 Cujus
1269 1813 1318 1881 rei

167 1929 233 1995 hoc
248 1927 389 1997 adhibet
402 1929 601 1997 Leibnitius
617 1930 839 2020 exemplum²
853 1949 860 1995 :
875 1931 980 2019 Hagae
994 1929 1170 1996 Comitum
1187 1928 1317 1997 obiisse

166 2043 352 2134 Spinonem
371 2066 378 2111 ε
401 2046 469 2113 alio
491 2068 573 2113 sane
597 2045 673 2113 loco
693 2047 847 2133 potuisse
871 2044 966 2113 obire
990 2066 998 2113 ε
1024 2067 1095 2112 non
1110 2049 1227 2112 tamen
1245 2045 1315 2114 atio

165 2158 254 2244 loco,
281 2183 359 2228 cum
386 2160 445 2228 illc
464 2174 578 2228 noster
601 2173 732 2229 creatus
757 2174 842 2230 esset
861 2160 1022 2236 mundus,
1050 2161 1122 2229 vita
1151 2159 1317 2228 excedere

164 2276 331 2365 potuisse.
358 2276 417 2368 Sic
433 2299 505 2345 non
529 2276 783 2368 metaphysica,
805 2277 865 2345 sed
883 2276 1024 2368 physice
1044 2277 1255 2360 necessario,
1277 2281 1317 2344 ut

165 2398 325 2460 mortuus
352 2393 409 2477 sit,
432 2399 626 2463 moreretur
650 2393 859 2482 oportuisse.
882 2392 989 2484 Cujus
1009 2395 1060 2462 rei
1080 2392 1239 2461 oblivisci
1256 2391 1317 2482 qui

164 2510 362 2577 necessario
389 2510 472 2600 quia
501 2509 729 2578 determinate
753 2510 937 2577 hominem
957 2533 1060 2601 agere
1087 2509 1313 2590 contendant,

166 2648 247 2693 cum
267 2626 423 2706 moralis,
449 2649 521 2693 non
544 2625 786 2718 metaphysica
810 2626 854 2694 sit
881 2627 1118 2694 humanorum
1144 2621 1315 2692 fictorum

165 2743 368 2810 necessitas.

209 2859 331 2947 Itaque
351 2879 433 2924 cum
452 2858 651 2924 necessario
669 2857 830 2947 Spinoza,
847 2878 919 2923 non
938 2857 1134 2925 necessario
1152 2859 1316 2947 quamvis

168 2973 398 3042 determinate
415 2972 612 3042 Leibnitius
628 2971 792 3039 humanae
807 2970 945 3040 decreta
959 2972 1150 3041 voluntatis
1161 2994 1316 3062 pronun-

168 3089 247 3157 tiari
267 3088 399 3158 statuit.

210 3321 333 3390 Tribus
356 3322 464 3412 igitur
488 3321 603 3390 verbis
624 3321 709 3410 quid
729 3321 893 3388 humanae
917 3317 1110 3387 voluntatis
1131 3316 1313 3406 proprium

166 3439 209 3506 sit
224 3437 422 3505 Leibnitius
439 3438 624 3527 significat.
641 3436 914 3504 Detcrminatum
931 3433 1087 3524 quidem,
1103 3431 1163 3500 sed
1178 3445 1315 3522 sponta-

165 3577 267 3620 neum
293 3558 396 3642 atque
427 3552 627 3642 contiapens
655 3574 759 3619 omne
793 3550 927 3618 arbitrii
960 3548 1107 3616 humani
1134 3548 1313 3616 decretum

166 3692 240 3736 esse
270 3669 436 3751 affirmat3
468 3668 518 3735 sic
544 3689 562 3734 e
592 3667 716 3734 morali
743 3665 904 3757 quadam,
926 3687 997 3733 non
1031 3687 1048 3732 e
1074 3664 1315 3756 metaphysica

165 3785 371 3853 necessitate
411 3783 627 3850 voluntatem
670 3783 862 3850 humanam
903 3783 1066 3872 pendere.
1112 3781 1164 3848 Ita
1199 3801 1314 3870 neque

165 3901 329 3969 facultate
355 3900 474 3968 nescio
498 3921 566 3988 qua
590 3899 734 3966 omnino
765 3896 979 3968 indifferenti
1000 3898 1179 3965 hominem
1205 3901 1315 3964 semet

166 4019 283 4109 ipsum
298 4017 342 4085 ad
362 4015 536 4107 agendum
554 4015 657 4098 ferre,
677 4037 742 4082 nec
761 4014 1001 4105 metaphysica
1020 4013 1172 4104 quadam
1192 4033 1313 4079 neces-

167 4135 267 4203 sitate
290 4133 403 4201 obrui.
427 4132 527 4216 Nam,
546 4133 589 4200 ad
609 4131 784 4222 agendum
806 4131 1039 4199 «inclinari»
1059 4154 1132 4199 non
1155 4158 1171 4192 «
1187 4128 1264 4218 cogi
1281 4155 1311 4192 ».

197 4317 218 4363 t.
237 4315 272 4363 De
285 4327 375 4362 rerum
390 4315 459 4374 erip.
470 4310 597 4362 radicati.
609 4311 697 4372 Gerh.,
711 4313 731 4361 t.
749 4311 806 4368 vll,
819 4325 846 4375 p.
862 4313 906 4361 304
925 4311 1015 4374 (1697).

195 4397 218 4443 2.
237 4392 331 4443 Theod.
348 4392 438 4455 Geth,
450 4395 469 4443 t.
485 4392 529 4455 VI,
544 4405 570 4455 p.
582 4393 637 4451 217,
651 4393 705 4440 218.
