2964 4988
202 371 286 435 QUID
310 371 447 426 VALEAT
471 370 697 426 LEIBNITIANA
722 371 766 424 DE
791 368 985 425 LIBERTATE
1010 370 1206 426 SENTENTIA
1263 373 1296 424 77

147 530 252 589 nente
269 545 418 600 summa,
434 522 567 590 malum
581 521 778 589 nonfacere
795 523 913 611 possit,
938 521 1023 588 illud
1042 528 1159 588 tamen
1175 521 1290 590 faciat.

147 639 270 705 Melius
289 661 372 705 sane
390 639 513 727 egisset
531 639 636 720 Deus,
659 639 689 704 si
711 638 849 705 nullum
866 638 1053 706 creavisset
1073 638 1289 706 universum.

147 753 247 824 Unde
268 753 429 821 concludi
448 753 550 821 debet
569 754 616 835 id,
639 753 732 843 quod
748 752 881 820 malum
903 753 940 819 in
959 754 1090 821 mundo
1107 755 1254 837 exsistit,
1274 777 1294 820 a

145 869 300 937 bonitate
316 869 437 936 divina
453 869 659 958 longissime
675 868 874 936 abhorrere.

192 984 327 1067 Quibus
350 985 495 1074 objectis
523 1008 599 1075 quae
624 984 818 1052 Leibnitius
845 983 1025 1074 respondit
1053 1007 1161 1074 parva
1190 993 1293 1076 atque

148 1123 273 1192 parum
302 1100 345 1167 ad
372 1099 591 1190 probandum
620 1100 722 1168 firma
751 1123 826 1168 esse
853 1099 1027 1168 videntur.
1056 1102 1146 1167 Nam
1179 1102 1293 1169 Deum

148 1217 318 1285 creavisse
333 1217 520 1284 arbitratur
535 1217 618 1306 quia
633 1216 745 1284 bonus
759 1217 804 1282 sit
819 1237 826 1282 :
845 1244 861 1278 α
878 1215 968 1283 C'est
979 1216 1014 1283 la
1029 1216 1145 1299 bonte,
1164 1218 1290 1308 inquit,

149 1362 164 1396 α
192 1333 252 1422 qui
270 1338 364 1423 porte
386 1333 472 1400 [lieu
495 1339 515 1399 a
535 1339 630 1400 creer
652 1332 720 1399 afin
741 1331 781 1399 de
803 1355 839 1398 se
855 1332 1156 1420 communiquer¹.
1182 1362 1197 1395 n
1225 1332 1293 1401 Cur

147 1455 265 1517 autem
297 1449 468 1516 exsistens
501 1450 663 1537 perfectio
699 1447 811 1537 major
845 1448 889 1514 sit
917 1471 998 1515 cum
1035 1449 1129 1515 Deus
1160 1455 1292 1538 partem

148 1567 200 1632 sui
224 1565 369 1649 dederit,
394 1571 445 1646 ut,
463 1565 493 1632 si
515 1565 628 1632 bonus
653 1565 769 1647 fuerit,
788 1565 993 1631 universum
1016 1564 1192 1654 quoddam
1217 1588 1292 1634 esse

146 1682 237 1750 velle
254 1682 426 1763 debuerit,
443 1682 543 1748 nullo
564 1681 667 1748 modo
690 1680 853 1768 explicat.
877 1680 964 1746 Nam
986 1685 1021 1746 et
1042 1681 1153 1747 Deum
1174 1682 1293 1750 omnia

146 1799 274 1865 suimet
289 1799 400 1888 gratia
421 1798 544 1881 tacere,
567 1801 602 1864 et
616 1796 784 1864 creaturis
800 1794 899 1863 nullo
916 1794 1019 1862 modo
1033 1796 1171 1885 eguisse
1187 1808 1197 1837 ¹
1213 1819 1292 1886 pro-

146 1915 275 1982 fitetur.
294 1914 417 1981 Nonne
432 1919 552 1981 autem
572 1914 680 1994 Deus,
702 1933 783 1979 cum
806 1911 881 1978 talis
905 1912 961 1995 sit,
984 1910 1110 1978 melior
1127 1911 1251 1980 fuisset
1263 1915 1293 1980 si

146 2030 236 2096 nihil
258 2031 445 2098 creavisset
466 2051 570 2119 quam
596 2051 677 2096 cum
710 2027 835 2096 inutile
862 2026 1065 2116 malumque
1086 2029 1292 2096 universum

147 2147 296 2213 creavit?
311 2145 412 2227 Quod
426 2146 532 2212 etiam
545 2146 673 2213 clarius
689 2144 872 2234 intelleges
885 2143 912 2210 si
928 2143 1135 2232 cogitaveris
1151 2150 1185 2211 et
1200 2145 1293 2212 idem

147 2262 305 2330 futurum
321 2263 428 2329 fuisse
443 2262 586 2337 bonum,
607 2261 788 2328 exsisteret
803 2283 915 2356 necne
931 2258 1098 2343 mundus,
1117 2267 1150 2327 et
1165 2261 1292 2345 Deum,

148 2401 228 2445 cum
250 2380 424 2446 mundum
446 2378 626 2460 creaverit,
652 2400 723 2444 non
745 2379 925 2468 ignorasse
954 2377 1027 2445 fore
1059 2381 1098 2444 ut
1126 2377 1293 2466 permulti

149 2493 309 2562 homines
325 2496 437 2584 poenis
453 2495 771 2562 condemnarentur
785 2494 935 2561 aeternis.
954 2494 1038 2575 Quae
1053 2515 1134 2560 rum
1150 2493 1197 2560 ita
1213 2493 1294 2576 sint,

148 2633 218 2679 non
243 2611 387 2693 bonum,
416 2633 496 2678 cum
519 2610 693 2679 mundum
707 2611 840 2691 fecerit,
861 2611 975 2677 Deum
989 2609 1097 2675 fuisse
1121 2615 1290 2698 apparet:

146 2727 255 2816 igitur
271 2750 394 2818 parum
408 2726 449 2794 ad
465 2726 745 2817 persuadendum
759 2733 879 2814 aptum
893 2725 1059 2793 Leibnitii
1074 2746 1292 2813 responsum.

192 2843 292 2925 Quod
316 2842 407 2909 nihil
436 2848 488 2909 est
516 2837 629 2911 calrsae
656 2866 720 2910 cur
742 2841 908 2910 admirari
938 2842 1125 2932 possimus.
1153 2840 1293 2908 Etenim

148 2960 266 3027 omnia
282 2982 343 3050 pro
364 2959 456 3028 veris
481 2961 656 3050 proposita
671 2959 868 3026 Leibnitius
884 2960 1016 3046 accepit
1036 2980 1054 3025 e
1070 2956 1197 3047 quibus
1213 2979 1295 3025 con-

148 3075 243 3144 cludi
271 3074 393 3143 debeat
417 3076 542 3157 Deum,
576 3075 605 3141 si
633 3074 747 3142 bonus
776 3076 833 3158 sit,
864 3074 998 3141 malum
1026 3072 1081 3140 vel
1103 3073 1293 3140 minimum
1388 3099 1392 3108 ·

148 3215 265 3260 creare
287 3197 346 3259 aut
371 3192 571 3280 permittere
598 3213 670 3257 non
696 3190 861 3280 potuisse.
892 3189 1051 3277 Namque
1085 3187 1237 3256 declarat
1261 3195 1296 3256 et

145 3308 320 3399 justitiam
335 3306 493 3374 divinam
509 3305 668 3374 eamdem
692 3313 795 3395 atque
814 3304 1007 3372 humanam
1032 3327 1121 3389 esse,
1142 3310 1182 3371 ut
1201 3305 1295 3394 quod

145 3429 281 3515 justum
297 3425 411 3508 nohiS,
428 3424 463 3508 id
479 3428 513 3491 et
528 3424 601 3490 Deo
617 3422 752 3512 justum
774 3444 848 3489 esse
869 3422 1028 3489 videatur
1045 3433 1071 3503 ¹3
1091 3419 1170 3510 jure
1187 3420 1294 3510 igitur

148 3562 212 3606 nos
229 3540 269 3607 de
281 3540 419 3630 justitia
435 3540 555 3607 divina
575 3539 774 3628 disputare3
797 3542 831 3605 et
851 3539 964 3605 Deum
985 3542 1057 3604 tam
1079 3536 1196 3626 ampla
1219 3558 1293 3625 pcr-

148 3657 406 3746 tectissimaque
424 3657 636 3746 perfectione
652 3654 722 3721 frui
736 3661 776 3721 ut
789 3653 917 3721 mutari
928 3676 1000 3720 non
1016 3653 1140 3744 possit3
1157 3681 1171 3714 «
1188 3652 1290 3734 Dion,

149 3799 165 3834 «
183 3772 230 3838 ait
244 3794 324 3839 curn
338 3773 471 3863 Baylio,
488 3770 633 3861 possede
646 3771 688 3838 de
705 3778 800 3839 toute
812 3770 959 3839 eternite
972 3792 1041 3837 une
1053 3768 1163 3859 gloirc
1176 3773 1209 3835 et
1222 3789 1292 3833 une

150 3916 166 3949 ε(
184 3888 361 3956 beatitudo
372 3889 432 3978 qui
444 3909 489 3954 ne
501 3895 653 3977 penvent
662 3886 790 3977 jamais
803 3887 840 3952 ni
853 3889 988 3967 mettre,
999 3884 1037 3951 ni
1047 3883 1241 3950 diminuer⁴
1255 3903 1289 3965 »;

180 4144 202 4192 l.
223 4141 318 4190 theod.
332 4138 422 4199 Gerh.‚
438 4142 457 4187 t.
472 4140 515 4199 Vl,
528 4152 555 4201 p.
570 4139 624 4185 253.

181 4227 204 4272 2.
217 4223 295 4284 thid,
311 4237 337 4285 p.
354 4223 408 4271 385.

182 4307 204 4352 3.
220 4303 299 4364 ibid,
315 4317 342 4366 p.
358 4303 413 4351 22⁰.

182 4388 205 4433 t.
221 4383 298 4444 did,
314 4397 341 4447 p.
355 4384 407 4432 163.
