2964 4988
513 367 560 421 DE
581 367 788 422 VOLUNTATE
808 365 957 420 HUMANA
1294 360 1308 411 3

163 516 287 605 possis,
313 517 383 582 nisi
407 522 520 601 antea,
545 517 659 607 qualis
679 516 789 584 divini
813 513 948 584 arbitrii
968 519 1093 580 natura
1117 511 1173 591 sit,
1196 515 1230 576 61
1249 531 1310 574 eur

165 631 244 698 talis
260 633 305 699 sit
319 633 459 721 penitus
471 638 688 722 compertum
706 631 881 700 habueris.

211 864 323 946 Quam
341 887 418 931 rem
433 864 588 954 primum
604 863 841 932 demonstrare
856 885 921 930 nos
934 862 1143 930 adoriemur.

717 1154 754 1262 11

213 1446 430 1514 Sententiam
447 1466 547 1512 suam
561 1445 601 1512 de
617 1449 743 1511 natura
761 1442 926 1511 humanae
945 1443 1136 1512 voluntatis
1152 1464 1194 1508 ex
1209 1463 1314 1530 nega-

168 1563 263 1630 tione
293 1561 504 1631 Certesianae
530 1583 569 1628 ae
595 1561 799 1650 Spinozanae
824 1559 1000 1648 opinionis
1025 1557 1221 1626 Leibnitius
1249 1557 1314 1624 sihi

169 1676 340 1745 creavisse
356 1676 506 1746 videtur.

214 2141 402 2224 Cartesius,
421 2163 502 2208 eum
521 2162 585 2207 nos
601 2139 729 2207 liberos
745 2161 820 2207 esse
836 2141 1028 2207 sentiamus
1041 2145 1146 2231 atque
1161 2141 1317 2231 experia-

171 2281 263 2342 mur,
286 2257 425 2325 homini
448 2283 464 2318 «
491 2255 642 2325 liberum
668 2255 849 2325 arbitrium
874 2256 1118 2324 indifferentiae
1140 2284 1156 2319 »
1182 2256 1315 2324 tribuit.

171 2402 187 2438 «
215 2372 524 2442 Iudeterminetam
541 2400 556 2434 »
573 2371 680 2462 igitur
699 2371 892 2439 voluntatis
912 2379 1073 2440 naturam
1091 2395 1166 2440 esse
1183 2373 1316 2440 statuit.

171 2490 275 2580 Apud
294 2489 502 2570 Cartesium,
520 2488 635 2578 inquit
655 2486 864 2570 Leibuitius‚
881 2487 1035 2555 liberum
1052 2493 1087 2555 et
1107 2488 1318 2556 determina-

170 2613 248 2674 tum
258 2605 352 2672 inter
363 2608 592 2694 se.pugnaut¹.
607 2603 678 2670 Neo
688 2602 921 2670 dubitandum
933 2611 983 2671 est
996 2605 1082 2694 quin
1093 2603 1181 2672 duos
1195 2626 1318 2672 sensus

171 2723 308 2792 verbo«
325 2720 478 2789 libertati
497 2747 513 2782 »
527 2719 702 2786 Cartesius
718 2719 961 2809 assignaverit.
977 2720 1134 2810 Namque
1145 2721 1320 2789 Cartesius

171 2845 248 2907 tum
263 2860 344 2906 eum
361 2836 443 2904 dioit
460 2836 610 2904 liberum
626 2835 688 2926 qui
708 2835 806 2902 illam
830 2864 846 2897 «
869 2836 1071 2904 facultatem
1089 2815 1275 2925 positivam
1301 2864 1319 2898 »

173 2955 216 3023 ad
232 2954 300 3022 duo
317 2952 490 3020 contraria
506 2952 561 3018 sui
576 2951 830 3019 determinaudi
841 2950 979 3037 habeat,
992 2961 1066 3020 tum
1082 2952 1264 3021 homiuem
1280 2975 1319 3020 eo

173 3070 305 3161 majore
332 3069 383 3136 uti
411 3067 571 3135 libertate
603 3068 779 3135 existimat
802 3090 871 3157 quo
900 3068 1040 3136 facilius
1073 3068 1116 3136 ad
1143 3070 1320 3158 agendum

173 3187 317 3256 feratur.
335 3185 404 3252 Nos
424 3190 542 3252 tamen
559 3181 667 3249 libero
682 3189 801 3251 nostro
817 3183 961 3252 arbitrio
977 3207 1114 3274 semper
1131 3186 1167 3252 in
1187 3184 1320 3274 egendo

175 3305 320 3385 utimur,
342 3301 448 3369 etiam
468 3321 548 3367 oum
574 3297 663 3365 illud
683 3298 776 3388 quod
796 3299 933 3389 agimus
951 3300 1053 3367 nobis
1073 3302 1226 3368 maxime
1246 3300 1320 3389 pla-

176 3424 262 3488 oeat.
282 3445 298 3481 α
315 3417 402 3484 Mais
418 3421 604 3505 peut-etro,
625 3415 685 3496 ait,
703 3436 770 3504 que
786 3436 848 3504 par
864 3437 902 3483 oe
918 3421 992 3484 mot
1007 3415 1281 3500 d’indifference,
1296 3418 1322 3484 il
1369 3504 1371 3507 Ι

179 3563 195 3597 «
220 3558 304 3628 yen
323 3556 344 3601 a
366 3531 516 3601 d’autres
538 3531 599 3622 qui
622 3529 814 3598 entendent
839 3544 923 3599 cette
943 3533 1079 3622 foculte'
1093 3532 1241 3623 positive
1260 3556 1324 3621 que

178 3681 194 3716 a
218 3674 302 3719 nous
321 3672 423 3717 avons
446 3648 586 3716 dortour
602 3646 805 3714 determiner
819 3648 840 3713 ct
856 3647 927 3714 l'un
943 3671 987 3715 ou
1004 3651 1025 3715 ct
1040 3649 1161 3716 l’outre
1177 3649 1217 3717 de
1232 3649 1324 3716 deun

179 3797 195 3832 ι(
222 3772 419 3849 contratrm,
435 3762 649 3832 cest-adire
671 3764 914 3853 tpoursuivre
930 3787 976 3832 ou
995 3771 1015 3832 a
1035 3765 1113 3848 fuir,
1131 3771 1151 3831 a
1170 3764 1324 3832 affirmer

180 3913 197 3949 «
223 3907 268 3952 ou
282 3888 301 3950 a
313 3882 390 3948 nier
406 3903 475 3947 une
490 3884 605 3946 meme
622 3877 738 3946 chose.
758 3879 826 3946 Sur
840 3880 921 3969 quoi
934 3879 994 3970 j'ai
1006 3887 1025 3948 t
1037 3880 1108 3948 dire
1124 3903 1191 3970 que
1203 3880 1239 3971 je
1254 3881 1324 3947 n’ai

180 4030 197 4065 «
217 3999 344 4091 jamais
367 3998 427 4064 nie
456 4019 523 4086 que
548 4002 635 4063 oette
664 3995 789 4063 feoulte
821 3996 969 4085 positive
994 4019 1030 4063 se
1059 4002 1197 4066 trouvtt
1219 4020 1262 4065 en
1291 3997 1325 4064 la

180 4145 196 4181 ι(
216 4116 374 4197 volonte3
392 4117 468 4180 tant
483 4112 555 4180 s'en
567 4112 653 4195 faut,
668 4111 820 4200 j'estime
835 4112 963 4201 qu'etle
978 4113 1029 4203 s'y
1043 4119 1236 4198 1616611116,
1254 4136 1325 4187 non

215 4382 236 4427 t.
253 4398 264 4421 «
281 4376 358 4426 Lihre
374 4375 400 4424 et
415 4369 566 4423 determine
579 4368 710 4435 s'oppose.
727 4391 737 4412 2,
