2964 4988
195 348 228 416 bi
461 345 507 396 DE
532 343 725 398 LIBERTATE
749 343 845 397 APUD
870 343 1073 400 LElBNITlUM

192 486 369 583 ceptiones
389 495 631 584 appetitusque
652 494 722 561 sint
740 493 978 584 ambobusque
998 496 1101 564 rebus
1122 497 1337 586 impellatur,

192 616 314 698 sponte
332 633 394 676 sua
410 610 497 700 agia
517 609 682 693 secundo,
700 631 780 676 cum
794 609 878 699 quid
896 613 977 698 agit,
995 612 1238 702 contingenter
1253 613 1336 702 agit,

193 725 477 816 quandoquidem
495 725 564 792 alio
580 725 684 809 modo
707 726 835 814 egisset
855 727 883 791 si
899 726 991 793 alius
1007 727 1116 802 factus
1135 734 1226 795 esset
1241 750 1342 795 mun-

192 843 272 925 dus3
292 842 439 931 deniqne
455 847 532 908 acta
548 842 629 909 lacit
642 840 765 908 morali
779 841 929 931 quadam
948 844 1155 911 necessitate
1175 843 1339 933 impulsa',

189 980 272 1024 nam
287 957 422 1023 malum
435 957 559 1024 fuisset
574 958 604 1023 si
619 957 714 1023 aliud
731 957 871 1024 fecisset
885 936 988 1048 quam
1005 959 1097 1047 quod
1114 959 1228 1049 reipsa
1244 959 1336 1044 lecit,

191 1074 220 1138 si
237 1072 380 1161 quidem
396 1072 528 1161 optima
548 1095 666 1140 rerum
684 1072 790 1139 series
807 1071 861 1162 cuj
868 1096 908 1140 us
930 1090 1010 1163 pars
1030 1079 1083 1142 est
1101 1097 1173 1142 non
1189 1075 1339 1142 exstitis-

103 1243 109 1267 ,
190 1194 253 1256 set.
271 1188 405 1265 Idcirco
424 1211 543 1256 nonne
558 1187 704 1256 liberam
720 1211 895 1278 quamque
910 1190 1091 1257 Monadem
1105 1190 1219 1257 dicere
1240 1189 1341 1258 Leib-

189 1305 300 1372 nitius
316 1304 470 1393 cogitur?
486 1304 805 1394 Nonneappareus
825 1305 1024 1373 universale
1044 1306 1339 1390 mechanismum,

190 1421 349 1489 libertate
381 1420 572 1488 universali
610 1443 691 1487 vera
728 1421 893 1506 adhibita,
939 1421 1105 1511 explicari
1143 1422 1339 1489 necessario

118 1543 120 1546 ’
191 1535 313 1604 debet?
341 1537 466 1603 Nonne
495 1537 614 1603 omnia
642 1559 714 1603 non
744 1537 949 1605 mechanico
977 1538 1046 1604 nisi
1077 1537 1195 1620 verbo,
1227 1539 1341 1626 reipsa

191 1659 308 1719 autem
329 1674 403 1719 esse
427 1652 537 1719 libera
556 1652 763 1720 contendet?

236 1885 327 1952 lllud
347 1890 463 1952 autem
484 1884 681 1952 Leihnitius
701 1907 818 1974 neque
847 1886 990 1952 omnino
1012 1887 1196 1968 recusavit,
1223 1909 1338 1975 neque

191 2002 336 2091 accepit,
359 2001 485 2088 quippe
513 2001 587 2089 qui,
614 2001 678 2067 etsi
706 2028 722 2061 u
754 2000 926 2069 libertatis
951 2001 1104 2091 aliquem
1132 2003 1337 2092 gradum1»

192 2117 322 2206 ubique
351 2115 496 2205 reperiri
525 2138 623 2204 posse
650 2138 722 2183 non
743 2117 896 2205 negavit,
923 2139 995 2184 non
1025 2124 1142 2185 tamen
1167 2120 1340 2209 acceperit

194 2255 317 2301 omnes
342 2230 507 2298 Monades
527 2253 601 2298 esse
622 2230 758 2315 liberae,
778 2232 812 2299 id
832 2237 884 2298 est
907 2233 1026 2300 omnia
1046 2256 1123 2323 quae
1145 2235 1182 2300 in
1207 2235 1340 2303 mundo

195 2349 281 2415 fiant
294 2346 498 2414 mechanica
514 2351 651 2414 tantum
667 2348 789 2429 videri,
808 2348 923 2438 reipsa
936 2370 1019 2415 vero
1040 2348 1150 2415 libera
1166 2372 1252 2418 esse.

237 2463 377 2531 Etenim
394 2462 611 2530 extrinsecus
631 2465 875 2531 tantummodo
894 2486 949 2531 res
967 2471 1123 2552 spectare
1144 2465 1204 2555 qui
1221 2467 1341 2534 omnia

193 2578 400 2647 mechanice
430 2578 544 2645 solum
583 2578 660 2645 lieri
697 2579 911 2646 contendant
944 2579 1140 2647 Leihnitius
1169 2580 1337 2663 declarat3

193 2718 276 2762 nam
303 2695 416 2762 causis
447 2693 678 2761 efficientibus
706 2698 741 2761 et
766 2693 982 2762 mechanicis
1012 2716 1084 2762 non
1111 2696 1230 2762 omnia
1257 2697 1340 2764 satis

194 2810 351 2900 intellegi
370 2831 376 2875 :
400 2808 697 2898 quemadmodum
712 2809 960 2877 mechanicum
975 2810 1110 2900 aliquid
1131 2811 1272 2902 ubique,
1290 2814 1340 2881 sic

194 2931 229 2994 et
252 2926 381 3015 ubique
404 2924 537 2992 morale
564 2924 695 3014 aliquid
715 2926 893 3010 exsistere,
920 2934 1023 3016 atque
1046 2927 1265 2997 mechanicas
1286 2952 1341 2996 res

193 3041 481 3125 moralibus,n0n
497 3047 614 3108 autem
632 3040 844 3109 mechanicis
858 3041 1010 3110 morales
1023 3044 1200 3140 explicari.
1219 3026 1340 3132 Itaque

194 3158 440 3226 mechanicum
477 3179 595 3224 rerum
633 3155 837 3246 adspectum
875 3181 893 3226 e
932 3158 1090 3240 confusa,
1121 3158 1340 3246 inadaequata

194 3275 467 3364 imperfectaque
484 3295 601 3341 rerum
612 3296 690 3364 quae
702 3296 773 3340 non
787 3274 990 3343 mechanice
1002 3279 1106 3363 agant
1119 3272 1339 3360 perceptione

194 3391 365 3480 pendere,
395 3411 475 3456 cum
502 3388 663 3456 finalium
689 3411 875 3456 causarum
903 3410 1011 3478 regno
1036 3387 1244 3475 respondeat
1267 3387 1339 3455 eili-

196 3506 364 3572 cientium
380 3527 540 3594 regnum,
558 3506 594 3572 in
609 3505 849 3595 phaenomenis
868 3503 993 3571 alteras
1008 3506 1158 3587 tantum,
1179 3503 1215 3570 in
1235 3502 1339 3572 rebus

196 3642 278 3687 vero
302 3620 429 3687 alteras
449 3642 523 3687 esse
556 3642 666 3702 veras,
694 3626 824 3686 utnon
852 3624 989 3702 natura,
1013 3618 1072 3685 sed
1097 3621 1339 3688 tantummodo

196 3735 306 3827 gradu
334 3735 517 3803 brutarum
548 3757 665 3802 rerum
698 3734 852 3802 actiones
878 3733 921 3801 ab
946 3733 1132 3802 hominum
1165 3734 1338 3805 differant.

196 3854 287 3943 Ergo
314 3852 378 3920 sub
401 3850 642 3920 mechanismo
671 3849 861 3918 universali
885 3848 1019 3940 aliquid
1041 3872 1222 3918 remanere
1237 3851 1341 3920 liber-

196 3971 289 4037 tatis.

242 4084 399 4154 Verbum
428 4091 545 4151 tamen
576 4111 592 4145 u
623 4082 819 4150 libertatem
852 4111 867 4145 a
897 4083 969 4150 Deo
998 4090 1102 4173 atque
1129 4083 1200 4152 illis
1227 4084 1343 4151 Mona-

232 4347 253 4394 Ι.
271 4345 345 4395 Gerr.
361 4358 422 4398 accc
434 4345 480 4395 des
491 4345 591 4395 Bosara.
607 4344 697 4404 Gerh.,
712 4345 734 4394 t.
747 4344 795 4406 ΙΙΙ,
809 4358 836 4407 p,
850 4344 895 4392 355
910 4342 1001 4406 (1708).
