2964 4988
516 444 561 497 DE
581 444 788 500 VOLUNTATE
808 445 958 500 fluunul
1279 445 1309 495 ts

165 592 211 660 Ut
235 593 345 683 ipsius
376 593 483 662 verba
513 594 704 663 referamus
734 615 740 661 :
769 624 784 658 α
811 597 857 662 La
890 596 1091 686 prevalence
1122 596 1183 663 des
1211 594 1310 662 biens
1355 576 1360 586 ⁵

136 791 139 795 .
166 734 182 768 a
200 730 347 799 apercus
367 709 497 776 incline
518 733 598 777 sans
619 712 811 778 necessiter
825 722 846 778 ¹.
876 739 892 773 »
921 711 1022 792 Quod
1038 712 1178 779 illarum
1194 733 1310 777 rerum
1345 730 1350 739 ·

164 845 274 912 genus
286 811 461 914 significat
474 848 623 915 quarum
639 827 855 895 contrarium
869 827 1098 917 «implicat»,
1114 850 1185 894 non
1199 854 1215 888 «
1228 849 1312 894 con-

164 939 408 1008 tradictionem
431 968 460 1024 »‚
476 940 536 1009 sed
548 968 572 1031 .“
590 922 926 1032 imperfectionem»
950 972 965 1005 «
985 966 1045 1011 seu
1062 943 1312 1012 absurditatem

165 1054 382 1124 moralem».

211 1519 296 1599 Quae
316 1542 397 1586 cum
417 1521 467 1586 ita
486 1520 570 1601 sint,
587 1542 682 1587 nunc
708 1525 802 1610 patet
827 1520 918 1610 quod
938 1521 1000 1588 illo
1020 1522 1132 1610 capite
1151 1520 1315 1590 demons-

165 1641 256 1702 trare
280 1635 382 1704 nobis
406 1635 444 1702 in
467 1635 587 1703 animo
610 1641 694 1704 eret.
722 1637 800 1704 Non
823 1637 918 1704 enim
945 1637 1015 1704 nisi
1041 1636 1168 1706 divinae
1189 1637 1315 1705 volun-

164 1752 246 1818 tatis
270 1757 397 1819 natura
427 1750 578 1841 perfecte
604 1751 743 1842 cognita
770 1774 838 1841 quo
867 1775 972 1820 sensu
999 1759 1033 1820 et
1062 1776 1125 1820 cur
1150 1753 1314 1821 humanae

164 1867 338 1935 voluntati
367 1866 457 1935 illud
485 1868 646 1935 tribuerit
672 1867 870 1935 Leibnitius
890 1869 983 1958 quod
1007 1869 1142 1951 tribuit,
1165 1869 1312 1936 omnino

164 1983 370 2074 intellegere
391 2006 454 2051 nos
475 2005 577 2073 posse
595 1981 748 2050 diximus
770 2003 778 2049 ι
801 1983 896 2073 quod
915 1985 1014 2052 nullo
1035 1984 1138 2052 modo
1160 1985 1312 2052 nuncin

166 2099 356 2167 discrimen
371 2098 498 2167 adduci
514 2120 614 2188 posse
633 2088 783 2167 videtur.
1231 2081 1233 2091 Α

209 2332 369 2422 Namque
386 2354 467 2400 cum
480 2333 723 2423 contingentes
740 2331 926 2399 volitiones
949 2332 1135 2416 humanae,
1154 2333 1239 2400 alias
1256 2356 1314 2400 eas

166 2453 269 2538 atque
294 2453 376 2515 sunt
395 2470 469 2515 esse
488 2449 644 2538 potuisse
669 2446 821 2515 declarat
841 2469 848 2514 :
876 2448 1080 2515 universum
1096 2449 1204 2538 igitur
1219 2448 1315 2515 aliud

75 2642 80 2651 .
166 2570 270 2655 atque
300 2570 363 2647 est,
393 2586 476 2654 ergo
504 2586 579 2631 non
607 2586 714 2631 unam
743 2569 881 2630 tantum
911 2586 1028 2630 rerum
1058 2565 1185 2631 seriem
1208 2565 1314 2631 fuisse

142 2681 322 2770 notuisse
345 2687 532 2748 asseverat.
557 2679 722 2769 Sequitur
746 2685 785 2748 ut
808 2680 924 2747 Deum
953 2678 1056 2747 aliter
1076 2681 1187 2770 egisse
1212 2685 1315 2771 atquo

167 2797 276 2886 egerit
318 2796 464 2863 minime
508 2818 704 2887 repugnare
747 2795 946 2863 contendat.
989 2796 1112 2886 Itaque
1155 2819 1235 2864 cum
1273 2796 1315 2865 de

167 2912 333 2980 humanae
365 2913 558 2982 voluntatis
593 2919 719 2980 natura
749 2911 908 3003 judicare
936 2894 1164 2994 videtur‚'de
1196 2912 1315 2981 divina

166 3028 282 3119 reipsa
302 3029 484 3097 voluntate
501 3028 649 3118 judicat.
671 3028 710 3095 Si
733 3029 812 3118 quis
832 3051 915 3118 ergo
938 3028 1088 3117 perfecte
1109 3029 1193 3118 quid
1211 3027 1314 3095 Leib-

166 3145 301 3213 nitiana
316 3145 490 3213 sententia
506 3144 547 3212 de
560 3143 739 3211 voluntate
756 3144 913 3210 humana
923 3143 1095 3233 significet
1110 3149 1144 3210 ct
1159 3166 1221 3210 cur
1237 3166 1314 3210 eam

167 3258 342 3346 defendat,
368 3260 575 3351 intellegere
602 3258 699 3341 velit,
729 3258 832 3326 illum
868 3258 1043 3348 quomodo
1072 3259 1314 3326 Leibuitianus

167 3375 210 3444 ad
226 3377 401 3467 agendum
415 3400 451 3445 se
465 3377 552 3445 ferat
571 3377 680 3459 DeuS,
698 3381 732 3442 et
747 3397 809 3440 cur
828 3396 910 3441 eum
925 3373 1122 3441 Leibnitius
1138 3397 1254 3466 agere,
1276 3381 1315 3443 ut

167 3491 262 3577 dicit,
285 3492 483 3578 contendat,
501 3491 712 3583 perscrutari
727 3496 830 3558 antea
844 3512 987 3557 necesse
1003 3497 1067 3557 est.

209 3725 342 3793 Eodem
354 3748 453 3816 porro
465 3723 580 3806 modo,
591 3744 672 3792 cum
683 3721 879 3792 Leibnitius
891 3722 1059 3790 moralem
1070 3725 1314 3792 necessitatem

167 3863 243 3908 osse
263 3841 458 3921 confirmat,
480 3846 518 3907 ut
539 3840 644 3907 homo
668 3838 819 3928 quisque
838 3838 873 3905 id
894 3837 979 3906 velit
1003 3837 1094 3928 quod
1122 3839 1220 3922 velit,
1250 3839 1314 3906 hoe

168 3955 329 4025 futurum
352 3956 459 4024 fuisse
482 3956 616 4023 malum
632 3955 735 4021 tacite
759 3953 921 4037 affirmat,
947 3954 976 4020 si
995 3955 1201 4022 universum
1221 3955 1317 4023 aliud

167 4071 300 4141 lactum
319 4078 410 4141 esset
428 4079 532 4161 atque
547 4093 667 4139 revera
682 4077 744 4137 cst.
760 4069 873 4136 Deum
890 4069 1007 4158 igitur,
1025 4075 1064 4136 ut
1084 4071 1127 4136 sit
1147 4071 1312 4153 mundus,

169 4188 252 4278 quia
277 4188 389 4257 bonus
414 4187 473 4255 illc
495 4186 662 4270 mundus,
684 4185 838 4255 voluisse
864 4183 1063 4252 arbitratur.
1081 4165 1172 4277 Ergo
1188 4187 1316 4254 iterum

202 4449 488 4510 anomoeusion,
504 4449 523 4497 t.
538 4448 572 4496 ll.
588 4445 665 4509 chop.
683 4457 736 4492 inu.
