2964 4988
164 386 180 436 6
431 389 477 441 DE
502 388 698 445 LIBERTATE
721 388 814 444 APUD
840 387 1043 442 LElBNlTlUll

166 533 208 602 ab
230 535 347 625 aliqua
377 539 479 604 tertia
503 539 642 606 volendi
670 538 848 606 voluntate
873 513 1023 628 pendere
1050 535 1312 626 suscipiendum

167 657 231 736 est,
259 659 292 719 et
312 653 393 720 inde
411 666 548 744 porr0¹;
566 659 615 735 ut,
633 655 676 722 ad
697 662 905 738 extremum,
923 655 958 721 si·
977 654 1055 744 quis
1073 653 1210 721 homini
1230 651 1314 720 libe-

65 795 68 802 ’
168 790 245 834 rum
259 767 443 837 arbitrium
459 769 632 852 tribuerit,
648 771 722 836 sine
736 792 841 838 causa
856 793 930 837 esse
946 769 1135 853 voluntatis
1150 768 1314 835 humanae

167 883 304 952 decreta
330 885 431 952 fateri
458 891 614 975 cogatur.
638 884 740 967 Quod
763 886 908 954 rationis
931 887 1103 977 principio
1124 884 1324 955 admodum·

168 1002 383 1068 contrarium
400 1006 462 1069 est.

213 1231 299 1312 Quae
315 1253 396 1298 oum
411 1232 460 1300 ita
472 1233 553 1315 sint,
568 1233 805 1300 Cartesianam
815 1231 857 1299 de
867 1237 995 1300 natura
1010 1231 1173 1300 humanae
1187 1231 1313 1300 volun-

169 1347 249 1414 tatis
274 1347 482 1416 sententiam
497 1348 692 1417 Leibnitius
715 1348 813 1416 nullo
832 1347 936 1415 modo
957 1348 1095 1418 defendi
1120 1369 1220 1438 posse
1236 1353 1314 1415 oonss

168 1462 290 1531 tendit.

215 1695 286 1763 Nec
315 1702 433 1764 tamen
462 1702 670 1788 argumenta
693 1696 821 1787 quibus
843 1703 876 1765 et
900 1698 1074 1766 Cartesius
1092 1701 1126 1764 et
1149 1695 1315 1788 permulti

170 1812 369 1902 philosophi
391 1811 544 1880 liberum
565 1813 719 1880 hominis
741 1813 923 1880 arbitrium
956 1813 1146 1881 defendunt
1172 1813 1315 1879 omnino

171 1926 371 2010 tacuit3'sed
387 1951 426 1996 ea
440 1952 563 2019 parum
579 1936 659 2020 apta
676 1927 719 1996 ad
734 1928 1015 2019 persuadendum
1027 1927 1210 2019 judicavit.

217 2161 317 2243 Quod
335 2182 398 2228 nos
414 2160 542 2228 liberos
558 2183 633 2229 esse
649 2162 855 2245 sentiamus,
873 2184 937 2229 nos
954 2184 1075 2230 revera
1089 2160 1218 2230 liberos
1238 2184 1313 2230 esse

173 2277 348 2345 Cartesius
375 2277 567 2367 opinatum.
592 2277 630 2345 Id
655 2299 736 2345 vero
752 2276 867 2345 vnullo
896 2277 999 2345 modo
1024 2277 1065 2344 ad
1097 2278 1315 2368 probandum

171 2393 368 2462 Leibnitius
384 2393 524 2461 firmum
546 2394 733 2461 existimat.
751 2394 917 2462 Liberum
939 2394 1033 2462 enim
1058 2417 1134 2462 esse
1155 2401 1321 2463 nostrum

173 2509 357 2578 arbitrium
377 2532 441 2577 nos
466 2511 615 2600 experiri
638 2533 862 2600 nequaquam
879 2534 991 2602 posse.
1013 2511 1142 2579 «Nous
1165 2533 1211 2578 ne
1233 2533 1318 2600 pou-

174 2653 191 2688 «
218 2650 304 2693 vons
341 2649 415 2716 pas
453 2627 580 2717 inquit,
617 2628 726 2694 sentir
758 2612 1001 2718 proprementae
1018 2635 1115 2695 notre
1148 2627 1318 2717 indepen-

176 2770 192 2804 «
218 2741 359 2809 danoe¹.
391 2770 407 2803 »
436 2743 623 2832 Nunquam
648 2742 743 2809 enim
773 2765 896 2810 causas
920 2741 1046 2832 quibus
1072 2741 1115 2809 ad
1142 2743 1317 2832 agendum

174 2860 330 2926 feramur
360 2881 425 2924 nos
454 2858 734 2946 cognovissent
762 2866 882 2924 utrum
908 2881 949 2925 ex
977 2858 1047 2925 illis
1079 2859 1193 2926 causis
1219 2859 1324 2926 aetus

174 2979 292 3042 noster
321 2978 413 3041 totus
439 2971 588 3063 pendeat
617 2995 727 3041 neone
755 2974 882 3040 sentire
909 2997 981 3042 non
1008 2976 1201 3045 valeamus,
1228 2975 1317 3042 Nam

175 3096 336 3159 externas
364 3088 609 3157 tantummodo
638 3089 763 3187 agendi
798 3090 960 3174 rationeS,
990 3114 1067 3180 quae
1102 3092 1315 3175 occasiones

174 3230 245 3275 non
262 3228 375 3273 eausae
389 3210 487 3274 actus
503 3212 597 3291 sunt,
614 3206 938 3275 animadvertimus.
957 3206 1115 3275 Internas
1132 3228 1213 3273 vero
1230 3205 1319 3272 obli-

174 3324 343 3392 viscimur
368 3344 571 3412 quanquam
600 3344 691 3390 verae
723 3324 869 3389 actionis
895 3344 1008 3390 causae
1042 3344 1116 3389 esse
1140 3320 1315 3390 videntur.

175 3439 315 3506 Etenim
350 3438 619 3529 propensionem
657 3438 754 3504 illam
793 3461 862 3528 qua
894 3437 936 3504 ad
981 3436 1112 3526 aliquid
1144 3435 1317 3526 agendum

176 3553 421 3644 compellimur
440 3554 580 3620 flumini
600 3553 739 3620 cuidam
761 3552 1039 3643 persimillimam
1062 3574 1136 3620 esse
1155 3551 1316 3620 dixerim.

175 3671 221 3742 Ut
244 3670 340 3737 enim
359 3668 482 3736 rivulis
508 3669 765 3736 confluentibus
785 3667 982 3736 minoribus
1004 3669 1148 3751 flumen,
1169 3668 1218 3736 sio
1242 3692 1320 3759 pro-

176 3787 386 3876 pensionum
415 3785 592 3852 minorum
619 3785 886 3875 congregatione
909 3784 1093 3875 propensio
1122 3807 1251 3874 magna
1277 3787 1319 3854 ad

175 3901 350 3994 agendum
366 3901 535 3984 exoritur,
550 3923 769 3991 sequensque
784 3901 875 3968 actio
890 3901 1077 3970 nascitur⁴.
1100 3902 1127 3970 E
1145 3928 1161 3966 «
1179 3902 1278 3970 caecis
1299 3931 1316 3965 »

205 4157 228 4204 1.
244 4154 387 4203 Nouoeoux
404 4153 495 4215 cascia,
509 4152 551 4204 td.
561 4155 647 4214 tanet,
663 4156 682 4203 t.
699 4154 719 4215 l,
733 4167 759 4218 p.
775 4154 829 4202 158.

203 4239 226 4285 2.
242 4234 378 4298 Principes
390 4235 421 4283 de
436 4233 464 4283 la
474 4232 544 4298 phil.
558 4234 591 4284 de
606 4235 750 4296 Deaeortea,
762 4236 781 4284 t.
793 4234 813 4296 l,
831 4247 889 4298 par.
906 4235 944 4284 39.

204 4318 227 4366 a.
245 4302 339 4364 r'ueoc.
355 4315 445 4375 coru,
458 4317 478 4365 t.
492 4315 536 4376 vr,
552 4329 578 4379 p.
594 4317 651 4367 rao.

200 4399 223 4446 t.
239 4395 316 4456 ltin,
328 4398 347 4445 t.
361 4395 404 4454 VI,
419 4409 446 4459 p.
460 4395 513 4443 130.
