2964 4988
184 375 217 428 12
450 376 496 429 DE
521 375 714 430 LlssnnTATE
739 375 832 429 APUD
857 373 1059 427 LEIBNITIUM

88 542 91 546 ·
182 529 323 609 asserat,
341 547 412 593 non
428 532 582 593 evertere
595 525 769 593 Leihnitio
787 525 934 592 videtur.
952 525 1042 613 Ergo
1053 522 1149 590 aliud
1164 522 1324 611 Spinozae

180 639 377 708 Leihnitius
393 641 511 732 objicit
532 664 613 709 cum
630 642 752 709 tollere
776 664 855 708 eum
877 639 1046 707 moralem
1067 638 1323 729 philosophiam

181 756 308 846 arguit.

225 870 317 952 Quid
351 877 469 938 autem
502 872 556 938 his
586 872 702 941 verbis
734 871 927 962 significat?
960 870 1056 938 Duas
1090 869 1245 960 quidem,
1287 874 1324 935 ut

180 985 328 1069 videtur,
351 1009 407 1054 res
419 994 523 1077 atque
540 987 693 1055 notando
708 987 859 1078 quodam
876 987 1044 1054 distantes
1061 986 1257 1054 intervallo.

224 1101 312 1186 Non,
331 1103 458 1191 primo,
475 1110 612 1171 tantum
629 1105 753 1195 punire
776 1109 913 1171 sontem
931 1105 1011 1170 vitae
1027 1103 1210 1170 communi
1224 1124 1327 1192 peru-

180 1217 240 1284 tile
259 1225 323 1302 est,
346 1219 528 1286 sedetiam
550 1219 765 1310 voluptatem
787 1219 974 1309 quamdam
996 1218 1164 1285 moralem
1185 1219 1325 1306 sapiens

180 1334 325 1425 percipit
345 1357 426 1400 cum
447 1335 655 1404 sceleratum
674 1335 817 1403 meritas
840 1334 920 1402 dare
941 1358 1059 1425 poenas
1079 1335 1238 1402 conscius
1259 1341 1322 1401 est.

180 1448 265 1530 Quae
281 1451 442 1540 voluptas
464 1474 504 1518 ex
520 1473 561 1518 eo
577 1452 687 1519 oritur
701 1452 794 1541 quod
810 1451 999 1542 quamdam
1020 1453 1138 1518 animo
1149 1449 1329 1540 justitiam
1404 1461 1407 1466 '

179 1567 406 1656 concupimus
433 1590 538 1658 quarn
563 1596 579 1631 «
605 1569 801 1658 punitivum
827 1596 843 1630 »
867 1573 970 1658 atque
995 1597 1011 1630 «
1034 1567 1286 1635 vindieativam
1307 1594 1324 1628 »

177 1681 374 1750 Leihnitius
390 1684 561 1751 nominat.
579 1711 596 1745 «
613 1684 708 1752 Cette
718 1684 859 1773 justice,
875 1684 1001 1774 inquit,
1018 1683 1108 1751 n’est
1120 1684 1240 1751 londee
1259 1705 1324 1772 que

181 1824 197 1859 «
219 1797 305 1866 dans
321 1798 355 1866 la
368 1821 591 1868 convenence
605 1801 664 1889 qui
677 1799 848 1868 demande
859 1823 928 1868 une
944 1800 1096 1868 certaine
1109 1799 1325 1866 satisfaction

180 1941 196 1975 «
220 1936 307 2003 pour
322 1913 523 2004 l'expiation
538 1916 642 1983 d'une
659 1917 836 1983 mauvaise
856 1916 971 1983 action
984 1917 1006 1982 ¹.
1030 1943 1045 1977 1
1063 1915 1152 1982 Nam
1168 1915 1323 1983 universi

179 2028 337 2096 ordinem
364 2031 469 2096 unius
497 2033 600 2120 eulpa
625 2031 894 2122 periclitantem,
920 2053 1024 2120 poena
1052 2031 1220 2098 refectum
1241 2052 1324 2098 con·

177 2141 340 2231 templari
353 2144 541 2233 pulchrum
556 2169 643 2214 esse.
664 2174 680 2208 «
702 2145 756 2213 011
772 2151 856 2234 peut
874 2154 989 2214 meme
1009 2147 1095 2230 dire,
1113 2144 1219 2229 addit,
1237 2145 1323 2236 qu'il

178 2287 194 2321 u
221 2283 244 2351 y
270 2282 290 2327 a
314 2260 359 2327 ici
383 2284 432 2328 un
459 2262 592 2329 certain
616 2262 943 2352 dedommagement
967 2262 1009 2329 de
1037 2261 1169 2352 l’esprit
1193 2248 1260 2352 que
1290 2262 1321 2329 le

179 2403 195 2438 «
223 2375 385 2445 desordre
404 2378 615 2458 offenserait,
634 2379 664 2444 si
685 2378 715 2445 le
729 2377 921 2446 chatiment
935 2401 979 2446 ne
1000 2378 1211 2446 contribuait
1226 2401 1286 2469 pas
1302 2384 1322 2444 a
1391 2456 1393 2459 v

180 2520 196 2554 «
222 2493 365 2560 retahlir
383 2493 540 2562 l'ordre2.
569 2522 585 2556 »
608 2495 734 2564 Utrum
757 2501 874 2563 autem
894 2494 954 2561 ille
975 2493 1016 2561 de
1033 2497 1128 2584 justo
1149 2495 1321 2562 sentiendi

180 2609 302 2676 modus
318 2599 439 2699 aequus
454 2609 568 2678 adhuc
585 2619 676 2678 esset
691 2633 815 2695 necne,
835 2611 864 2676 si
880 2634 897 2678 1
914 2608 1152 2700 metaphysica
1167 2608 1322 2677 necessi·

176 2729 247 2791 tate
276 2723 439 2792 homines
472 2726 657 2815 pendeant,
691 2726 835 2793 dubium
863 2749 938 2793 esse
962 2725 1056 2792 dicit.
1083 2725 1190 2793 Illum
1216 2726 1323 2816 igitur
1383 2764 1385 2768 ι

178 2840 403 2908 communem
442 2841 484 2908 de
521 2841 600 2930 jure
642 2861 798 2908 sensum
830 2842 1014 2931 Spinozam
1057 2841 1094 2908 in
1132 2842 1321 2909 discrimen

177 2956 374 3024 adduxisse.

222 3072 374 3141 Omnino
387 3095 489 3162 porro
507 3073 743 3161 Spinozanum
759 3073 884 3164 dogma
895 3073 935 3140 de
947 3076 1153 3142 necessitate
1165 3075 1319 3142 divinam

178 3189 268 3255 tollit
280 3189 456 3278 justiliam
475 3189 589 3278 :quod
603 3187 800 3257 Leihnitius
820 3191 1010 3279 pessimum
1026 3213 1101 3258 esse
1117 3190 1316 3258 arbitratur.

177 3305 267 3372 Illud
288 3306 381 3373 enim
398 3307 463 3374 hac
477 3293 607 3373 laudati
624 3329 728 3395 supra
748 3307 915 3396 propositi
937 3313 1032 3394 parte
1050 3324 1057 3372 :
1077 3335 1092 3367 «
1106 3327 1201 3394 aeque
1217 3304 1318 3372 facile

178 3449 194 3484 «
221 3420 311 3488 male
334 3422 399 3489 erit
422 3422 522 3489 bonis
542 3428 577 3490 11
595 3422 698 3489 malis
725 3450 755 3504 »‚
776 3423 972 3513 significare
992 3422 1141 3489 videtur.
1165 3419 1266 3502 Quod
1286 3426 1320 3488 11

176 3536 342 3605 Leihnitii
360 3537 401 3604 de
415 3539 567 3606 secunda
580 3538 622 3605 ad
638 3539 678 3604 D.
693 3538 972 3628 Oldenhurginm
994 3537 1150 3627 Spinozae
1170 3537 1319 3627 epistula

176 3652 448 3737 ohservationes,
472 3660 505 3720 et
522 3652 650 3721 diversi
663 3652 965 3721 Leihnitianorum
979 3675 1124 3744 operum
1138 3653 1206 3721 loci
1222 3677 1319 3744 aeque

176 3767 217 3837 ad
234 3768 453 3859 probandum
469 3770 597 3836 valent.
616 3770 694 3837 Non
714 3770 809 3836 enim
825 3793 844 3836 a
859 3768 1108 3860 metaphysicis
1125 3771 1320 3839 rationibus

65 3964 67 3970 Ι
177 3885 323 3953 moralia
335 3886 511 3975 proposita
529 3884 725 3952 Leihnilius
741 3890 888 3975 separat,
906 3907 985 3952 cum
1005 3887 1048 3954 ad
1068 3887 1321 3977 Conringium¹

176 4001 270 4069 haud
294 4001 456 4092 ambigue
479 4001 657 4091 scripserit
682 4022 690 4068 :
716 4028 733 4062 «
756 4001 828 4096 Ego
849 4024 1020 4092 suppono,
1042 4026 1123 4071 cum
1145 4002 1319 4072 Carneade

208 4201 235 4265 1,’
249 4215 343 4265 rana
357 4216 447 4278 caru,
460 4219 480 4268 t.
497 4217 540 4279 vr,
556 4231 582 4282 p.
601 4218 655 4266 111.

208 4299 232 4346 1.
245 4295 314 4361 ura.

208 4379 230 4424 a
248 4357 321 4450 daei
335 4357 536 4470 11ςέ1111119.
553 4378 641 4431 cern..
657 4381 751 4444 t.1,p.
766 4382 810 4429 111
827 4381 899 4444 (sans
916 4381 996 4443 aare).
