2964 4988
524 363 570 416 DE
592 362 798 417 VOLUNTATE
817 361 965 416 HUMANA
1283 360 1315 411 15

171 510 220 578 ita
240 511 425 601 positivam
441 534 541 579 suam
561 512 602 580 de
617 513 771 580 humana
785 511 964 579 voluntate
984 509 1195 578 sententiam
1216 531 1316 577 cons-

169 627 276 696 tibuit.

217 860 304 928 Cum
320 859 525 952 indifferens
540 862 715 930 Cartasius
728 861 914 928 arbitrium
933 860 1129 927 humanum
1145 881 1220 925 csse
1234 880 1317 925 con-

173 977 333 1061 tenderit,
362 977 629 1045 determinatum
652 983 773 1044 contra
801 975 997 1044 Leibnitins
1020 997 1095 1042 esse
1121 974 1314 1042 confirmat.

171 1092 273 1176 Nam,
294 1098 334 1160 ut
361 1094 435 1184 ipse
463 1094 611 1162 scribit:
635 1093 883 1160 «indifferenti
913 1092 1184 1159 determinatum
1209 1111 1316 1180 oppo-

174 1209 330 1276 1‹nitur¹
356 1237 385 1274 ».
413 1209 505 1300 Ergo
533 1232 716 1299 nunquam
750 1209 825 1276 sine
854 1230 958 1276 causa
992 1207 1173 1275 hominem
1198 1228 1311 1296 agere.

172 1325 271 1406 Cum,
298 1325 417 1415 igitur,
440 1326 524 1416 quid
544 1324 611 1392 sibi
637 1324 835 1393 faciendum
858 1325 903 1392 sit
930 1322 1037 1391 homo
1064 1323 1179 1413 quivis
1203 1322 1315 1390 consi-

171 1438 278 1524 deret,
303 1439 398 1508 haud
427 1439 573 1509 dubium
601 1441 713 1510 videri
729 1442 815 1530 quin
839 1462 857 1506 e
882 1438 986 1507 rebus
1006 1437 1315 1509 circumstantibus

171 1560 274 1644 atquc
296 1556 429 1646 ingenii
449 1557 611 1646 prasenti
632 1556 750 1624 habitu
773 1555 849 1646 ejus
869 1556 1042 1623 sententia
1062 1555 1205 1621 omnino
1228 1576 1314 1644 pen-

172 1668 260 1738 dcat.

215 1787 379 1855 Attamen
403 1811 447 1856 ne
474 1811 517 1856 ex
545 1811 586 1856 ea
605 1811 641 1856 re
666 1794 863 1856 «coactum
895 1816 911 1850 »
934 1787 1098 1855 humanae
1126 1786 1314 1854 voluntatis

171 1901 349 1970 decretum
376 1926 450 1971 esse
474 1903 615 1972 inferas.
640 1932 656 1966 «
683 1903 851 1971 Coactum
871 1905 966 1972 enim
992 1909 1044 1971 est
1066 1902 1166 1993 cujus
1188 1902 1315 1992 princi-

169 2018 267 2106 pium
292 2023 344 2086 est
369 2022 581 2088 externum².
609 2049 624 2083 »
651 2019 729 2088 Non
755 2025 874 2088 autem
901 2027 1096 2102 externum,
1119 2019 1179 2087 sed
1205 2019 1315 2085 inter-

168 2156 256 2201 num
288 2114 366 2203 esse
395 2135 487 2226 quod
518 2136 699 2204 hominem
732 2136 776 2204 ad
804 2126 980 2227 agendum
1009 2135 1177 2227 impellat.
1207 2164 1222 2197 «
1248 2135 1314 2202 Les

169 2278 185 2312 ι(
212 2250 331 2318 motifs
352 2251 537 2321 n’intluent
566 2276 624 2342 pas
649 2276 709 2320 sur
733 2252 865 2342 l'esprit
889 2275 1025 2321 comme
1054 2253 1105 2319 les
1131 2251 1230 2342 poids
1255 2272 1315 2318 sur

169 2394 185 2428 «
211 2367 246 2434 la
270 2366 429 2449 balance3
459 2369 547 2434 mais
567 2368 649 2435 c'est
672 2368 784 2458 plutet
810 2369 941 2458 l'esprit
965 2369 1026 2458 qui
1051 2369 1123 2457 agit
1146 2391 1189 2434 en
1213 2373 1314 2435 vertu

168 2511 183 2545 ι(
210 2481 270 2550 des
294 2484 414 2550 motifs
434 2484 493 2573 qui
514 2490 592 2550 sont
615 2507 669 2550 ses
691 2484 916 2574 dispositions
935 2490 954 2551 a
972 2484 1074 2573 agir³.
1099 2484 1181 2553 »Ut
1205 2483 1312 2565 enim,

166 2598 203 2666 in
233 2599 461 2675 mechanicis,
492 2599 564 2666 vim
593 2600 781 2689 quamdam
806 2599 1026 2690 longitudine
1060 2605 1154 2666 certa
1180 2600 1314 2689 sagittae

167 2716 321 2806 imagine
341 2716 489 2784 describi
508 2715 633 2799 solere,
651 2716 700 2783 sic
722 2716 939 2783 voluntatem
962 2716 1154 2783 humanam
1174 2715 1315 2805 figurari

169 2853 282 2921 posse,
304 2854 381 2920 quae
408 2831 449 2898 ad
478 2831 652 2923 agendum
682 2854 821 2921 semper
843 2835 962 2921 parata
984 2832 1041 2916 sit,
1069 2836 1172 2921 atque
1197 2837 1315 2921 ageret

167 2947 236 3013 nisi
257 2947 342 3027 quid
362 2945 613 3037 impedimento
629 2955 731 3016 esset.
754 2949 846 3039 Ergo
870 2971 950 3016 cum
970 2948 1212 3038 unusquisque
1233 2968 1315 3013 nos-

166 3067 262 3130 trum
300 3062 492 3153 quamlibet
522 3063 625 3132 faciat
659 3087 745 3142 rem,
780 3065 899 3132 minus
932 3063 1024 3154 quod
1057 3063 1140 3130 talia
1169 3064 1239 3130 sint
1271 3063 1314 3130 ad

167 3179 342 3268 agendum
362 3184 541 3246 momenta
560 3201 666 3269 quam
683 3180 766 3269 quia
785 3181 858 3268 ipse
877 3179 956 3247 talis
975 3180 1031 3263 sit,
1051 3202 1164 3270 agere.
1183 3178 1314 3246 Idcirco

164 3293 243 3382 jure
259 3318 547 3385 unumquemque
567 3317 639 3363 non
659 3318 715 3362 res
733 3296 770 3361 in
791 3319 841 3378 se,
858 3295 918 3363 sed
938 3318 974 3362 se
990 3301 1113 3384 sponte
1129 3315 1231 3384 agere
1252 3316 1315 3360 sua

168 3412 309 3479 sentire.
339 3413 585 3480 Humanorum
612 3412 705 3480 enim
734 3411 903 3479 factorum
935 3411 971 3477 in
1002 3432 1138 3500 quoque
1170 3410 1314 3477 homine

169 3527 382 3617 principium
401 3528 544 3596 versari.
568 3557 584 3590 «
607 3527 849 3617 Spontaneum
875 3556 903 3610 »‚
926 3533 1054 3605 autem,
1076 3549 1185 3594 esse«
1212 3524 1313 3614 cujus

168 3644 382 3733 principium
403 3645 447 3711 sit
462 3645 499 3710 in
514 3650 656 3734 agente.
675 3654 704 3705 ⁴»

213 3759 292 3827 Suae
315 3760 423 3850 igitur
443 3767 575 3828 naturas
593 3760 773 3826 hominem
794 3780 968 3849 quemque
993 3757 1189 3825 Leibnitins
1209 3757 1314 3824 obno-

165 3875 264 3942 xium
287 3898 362 3944 esse
389 3876 584 3943 confitetur.
611 3874 689 3943 Non
713 3882 830 3943 tamen
857 3874 1033 3943 commisit
1062 3879 1100 3941 ut
1125 3896 1189 3940 nos
1213 3871 1322 3939 nullo·

197 4129 219 4175 1.
232 4126 271 4174 De
284 4125 416 4176 libertate.
428 4125 516 4187 Gerh.,
526 4128 546 4176 t.
564 4127 619 4187 Vll,
636 4141 662 4190 p.
677 4127 730 4174 108.

197 4208 220 4254 2.
235 4204 314 4265 thid„
328 4209 347 4256 t.
366 4206 422 4266 VII,
438 4220 464 4269 p.
480 4205 533 4254 108.

196 4291 218 4336 3.
234 4287 309 4336 Gerr.
323 4300 385 4336 avec
401 4285 496 4336 Glarke
512 4272 582 4348 (1715'
597 4301 632 4336 ou
646 4288 726 4349 1716).
741 4286 831 4346 Geth„
847 4288 867 4336 t.
883 4285 940 4346 Vll,
953 4299 982 4349 p.
995 4286 1052 4334 392.

196 4373 219 4418 t.
239 4366 335 4418 Tbtod.
352 4367 441 4428 Geth„
455 4368 474 4415 t.
487 4366 529 4426 Vt,
544 4381 569 4430 p.
584 4367 630 4416 296
643 4367 727 4430 (locus
743 4365 904 4416 aLeihnitio
921 4365 1046 4415 laudatus
1059 4367 1140 4427 atque
1155 4364 1307 4429 probatust.
