2964 4988
175 389 209 443 52
445 390 487 445 ΒΕ
502 388 704 447 ’[ΙΒΕΗΤΑΤΕ
728 392 823 446 APUD
851 390 1048 445 tElBNlTillM

172 564 258 608 num
281 570 308 607 ».
328 544 395 609 Res
412 548 529 609 tamen
549 565 623 610 esse
647 565 803 632 corpora,
821 543 903 631 quia
924 542 1154 631 phaenomena
1178 564 1232 608 res
1249 541 1317 607 dici

172 658 323 745 possint¹
342 679 349 724 :
369 681 489 726 revera
504 659 734 749 phaenomena
749 680 845 725 mera
861 658 1070 747 quibusdam
1082 656 1233 724 realibus
1247 680 1317 723 res·

172 772 360 861 pendentia
380 773 598 856 substantiis,
616 797 687 840 nou
710 796 788 840 vero
803 773 1015 840 substantias
1036 795 1122 840 esse.
1146 772 1317 840 Substan-

170 887 237 954 tias
252 894 370 955 autem
390 889 468 955 illas
485 911 631 956 asseres
649 888 776 978 quibus
797 911 941 979 corpora
960 894 1063 977 atque
1079 888 1155 978 ipsa
1172 889 1318 955 materia

163 1003 207 1068 -in
232 1003 413 1072 intellectu
440 1005 610 1095 cujusque
635 1004 860 1094 percipientis
888 1004 1041 1070 bominis
1070 1003 1314 1092 respondeant.

171 1116 272 1198 Quod
287 1118 381 1187 hunc
390 1120 427 1186 in
442 1120 589 1209 modum
598 1119 791 1188 clarissime
803 1119 996 1187 Leibnitius
1008 1119 1169 1209 explicat.
1182 1120 1271 1187 Nam
1284 1119 1318 1185 in

170 1234 247 1324 ipsa
258 1235 415 1319 materia,
429 1264 444 1298 «
463 1236 646 1303 materiam
660 1236 811 1326 primam
829 1263 860 1319 u,
878 1262 894 1295 «
913 1235 1172 1325 secundamque
1189 1257 1318 1325 »posse

169 1351 352 1442 distingui.
376 1352 558 1418 Materiam
585 1352 735 1440 primam
767 1352 804 1417 in
831 1352 1035 1419 extensione
1060 1356 1164 1440 atque
1185 1379 1200 1412 «
1224 1352 1316 1417 anti-

168 1468 264 1557 typia
287 1494 303 1528 »
326 1468 513 1535 consistere
540 1473 644 1556 atque
670 1496 685 1529 «
707 1468 917 1558 exigentiam
939 1489 1014 1534 esse
1035 1466 1250 1534 extensionis
1272 1487 1315 1532 »ε

168 1582 294 1672 quibus
322 1582 496 1673 significat
515 1583 631 1651 verbis
655 1583 746 1649 nihil
768 1605 926 1672 unquam
951 1582 1128 1650 materiale
1149 1606 1169 1649 a
1191 1583 1316 1672 quovis

167 1699 293 1787 spiritu
317 1699 385 1766 uisi
408 1699 477 1767 'sub
502 1699 623 1767 ordine
646 1699 860 1766 extensionis
885 1699 1017 1789 percipi
1040 1721 1153 1790 posse.
1176 1698 1315 1765 Etenim

167 1815 350 1907 materiam
366 1843 381 1876 «
405 1814 613 1882 naturaliter
633 1815 770 1904 exigere
785 1815 1024 1882 extensionem
1040 1821 1092 1882 est
1110 1820 1223 1898 partes
1239 1814 1316 1905 ejus

169 1957 184 1991 «
201 1929 408 1997 naturaliter
424 1931 563 2020 exigere
580 1931 672 1997 inter
687 1953 723 1997 se
740 1931 898 1997 ordinem
914 1931 1147 1998 coexistendi²
1164 1959 1179 1992 u
1196 1951 1203 1996 :
1221 1930 1315 1998 unde

166 2046 351 2113 materiam
367 2046 517 2135 primam
534 2047 571 2111 in
588 2047 759 2137 perceptis
775 2045 918 2134 objectis
936 2073 952 2107 «
968 2046 1220 2135 possibilium»
1236 2068 1315 2135 per·
1404 2135 1411 2141 ,

168 2161 321 2251 captioni
343 2160 552 2251 respondere
583 2161 744 2229 concludi
772 2167 895 2250 potest.
921 2161 1021 2243 Quod
1044 2185 1084 2230 eo
1110 2161 1242 2230 clarius
1264 2168 1316 2230 est

166 2276 261 2366 quod
280 2298 463 2366 nunquam
483 2275 557 2344 sola
576 2277 722 2343 materia
743 2277 856 2367 prima
874 2277 1050 2368 objicitur,
1073 2278 1224 2345 sednon
1245 2278 1313 2344 nisi

165 2391 336 2460 abstracte
362 2393 437 2459 siue
464 2393 610 2460 materia
641 2393 794 2460 secunda
822 2394 959 2482 concipi
994 2400 1134 2483 potest⁸.
1163 2396 1313 2462 Prorsus

167 2516 284 2576 autern
308 2509 413 2576 aliam
438 2532 513 2576 esse
543 2509 725 2576 materiam
753 2509 954 2592 secundam,
980 2533 1056 2600 quae
1081 2498 1124 2578 ex
1148 2510 1314 2577 omnibus

165 2625 392 2714 qualitatibus
409 2629 556 2709 constet,
571 2648 660 2715 quae,
679 2627 833 2693 materiae
850 2626 972 2714 primae
983 2625 1165 2714 adjuncta,
1179 2625 1313 2713 objecta

164 2745 326 2829 percepta
346 2742 573 2824 constituant,
597 2746 721 2807 utnon
742 2739 966 2829 possibilibus
988 2741 1047 2807 sed
1063 2741 1312 2809 exsistentibus

147 2854 226 2922 illa
249 2855 353 2923 rebus
377 2855 594 2943 respondeat.
621 2856 742 2944 ltaque
765 2856 893 2939 Deum,
919 2856 947 2922 si
971 2856 1069 2941 velit,
1087 2880 1187 2948 posse
1208 2885 1223 2919 α
1251 2880 1312 2949 per

165 2971 402 3060 «potentiam
450 2968 649 3037 absolutam
689 2969 925 3038 substantiam
974 2977 1126 3040 creatam
1176 2974 1311 3063 privare

74 3145 77 3153 .
166 3114 182 3148 «
208 3087 354 3154 materia
371 3086 534 3170 secunda,
556 3108 627 3153 non
649 3091 767 3154 tamen
787 3109 887 3175 posse
911 3110 988 3156 eam
1013 3090 1148 3180 privare
1166 3088 1312 3155 materia

166 3230 182 3264 «
210 3203 340 3293 prima3
375 3225 458 3269 nam
487 3202 614 3271 faceret
652 3203 732 3270 inde
767 3204 895 3271 Actum
928 3227 1056 3294 purum
1090 3202 1203 3293 qualis
1237 3202 1311 3290 ipse

166 3346 182 3380 «
210 3325 260 3386 est
286 3320 398 3386 solus‘
420 3348 450 3385 ».
468 3320 531 3386 His
552 3326 669 3387 autem
691 3320 825 3409 positis,
852 3342 931 3409 quae
956 3320 1001 3386 sit
1022 3319 1164 3384 illorum
1187 3323 1311 3384 natura

166 3457 352 3525 corporum
365 3434 407 3502 de
423 3436 550 3525 quibus
566 3434 776 3503 universalis
797 3433 1027 3501 mechanismi
1040 3433 1212 3524 principia
1227 3456 1311 3502 vera

165 3552 236 3617 sint
263 3551 365 3618 facile
393 3550 511 3640 colligi
544 3557 668 3639 potest.
697 3549 781 3631 Quae
806 3571 878 3616 non
906 3556 986 3616 sunt
1013 3549 1232 3629 substantiae;
1266 3572 1310 3617 ne

165 3666 370 3734 substantiis
391 3666 528 3754 quidem
552 3666 744 3755 composita
765 3669 859 3747 sunt,
878 3677 958 3733 cum
977 3687 1101 3754 corpus
1122 3665 1166 3732 sit
1183 3692 1199 3726 «
1217 3664 1310 3755 phae-

166 3810 182 3844 «
208 3805 402 3851 nomenum
423 3782 592 3851 resultans
613 3803 655 3848 ex
678 3779 881 3848 substantiis
903 3779 1121 3870 simplicibus
1139 3804 1216 3870 quae
1237 3780 1309 3848 sola

165 3926 181 3961 «
208 3900 378 3967 unitatem
408 3904 441 3965 et
473 3897 670 3965 absolutam
699 3896 894 3963 realitatcm
923 3895 1066 3964 habentt
1094 3925 1123 3964 a.
1151 3895 1306 3981 Scilicet,

196 4080 219 4127 t.
237 4077 311 4128 Gerr.
325 4092 387 4127 avec
400 4078 445 4126 dea
458 4077 558 4135 Bessos,
574 4075 663 4135 Gerh.,
680 4077 698 4124 t.
710 4075 742 4135 11,
756 4089 783 4140 p.
800 4075 845 4124 492
860 4075 950 4139 (ritu).

193 4160 216 4207 2.
234 4157 312 4220 ruia,
330 4172 357 4222 p.
372 4160 416 4207 515
432 4157 522 4220 (ruo).

193 4240 216 4286 3.
232 4237 299 4287 lbid.
315 4239 348 4288 cle
367 4238 462 4287 Votder
476 4235 554 4296 thid„
568 4251 594 4302 p.
609 4238 653 4284 982
668 4237 759 4299 (troc).

194 4322 215 4366 t.
232 4317 300 4367 ibid.
316 4318 362 4367 dea
375 4319 474 4366 Beroea.
490 4316 565 4376 ibid,
581 4330 608 4380 p.
623 4317 667 4364 324
685 4317 775 4378 (troo).

193 4401 217 4446 ὅ.
235 4399 301 4447 ibid.
316 4400 348 4447 de
366 4398 468 4447 Votder.
483 4396 561 4456 ibid,
577 4410 603 4460 p.
617 4397 662 4444 275
679 4396 770 4459 (1705).
