2964 4988
184 361 218 413 76
339 422 346 435 .
438 362 498 415 'DE
524 361 715 417 LIBERTATE
739 361 835 416 APUD
860 360 1062 417 LEIBNlTlUM

736 693 773 759 ΙΙ

230 969 360 1035 Malum
386 970 552 1059 explicari
581 969 806 1060 divinamque
824 971 1012 1061 justitiam,
1038 969 1149 1039 libero
1174 965 1331 1040 humano

185 1085 329 1152 arbitrio
355 1084 504 1169 sublato,
533 1086 671 1154 defendi
696 1110 797 1177 posse
822 1087 1017 1154 Leibnitius
1043 1086 1241 1154 arbitratur.
1259 1088 1331 1156 Nec

186 1199 332 1268 dubium
362 1202 448 1291 quin
475 1201 699 1291 explicaverit
728 1203 902 1293 quomodo
932 1204 1039 1286 Deus
1072 1200 1236 1293 quamvis
1269 1205 1331 1272 ad-

186 1316 331 1383 modum
355 1317 468 1384 honus
497 1319 553 1400 sit,
581 1317 712 1386 bonum
737 1319 893 1409 quidem,
918 1318 976 1386 sed
997 1325 1115 1386 tamen
1136 1319 1238 1386 malis
1256 1319 1331 1409 plu-

186 1431 282 1500 ribus
305 1438 509 1524 corruptum
532 1435 704 1502 mundum
728 1436 899 1502 creavisse
920 1435 1083 1523 potuerit,
1098 1434 1129 1500 si
1139 1434 1239 1524 priris
1252 1434 1331 1526 fieri

181 1570 281 1640 posse
301 1548 492 1634 admiserit,
524 1564 563 1617 et
586 1554 689 1633 Deus,
711 1550 866 1640 quamvis
889 1553 995 1617 bonus
1014 1550 1070 1632 sit,
1093 1539 1338 1641 imperfectum*
1389 1628 1392 1635 ¹

186 1687 300 1732 creare
322 1667 488 1732 oriendum
508 1667 621 1734 vellet.
640 1666 708 1734 Sed
723 1690 795 1733 uon
811 1668 895 1733 satis
910 1667 980 1734 illis
998 1667 1217 1757 respondisse
1234 1667 1332 1734 Leib-

186 1780 294 1848 nitius
314 1781 452 1850 videtur
476 1784 536 1871 qui
558 1783 632 1849 fieri
654 1805 753 1872 posse
778 1789 921 1873 negant,
948 1787 987 1850 ut
1012 1783 1106 1850 Deus
1126 1782 1238 1851 bonus
1256 1782 1334 1850 uni-

86 1983 89 1988 ,
186 1919 327 1965 versum
346 1899 494 1988 quodvis
518 1899 774 1988 imperfectum,
803 1899 866 1967 hac
890 1900 966 1988 ipsa
989 1899 1030 1967 de
1050 1922 1155 1966 causa
1175 1898 1267 1990 quod
1287 1899 1333 1965 sit

185 2014 442 2105 imperfectum,
460 2037 577 2081 creare
593 2014 756 2083 voluerit.

231 2132 294 2198 His
320 2132 414 2198 enim
443 2133 660 2220 argumentis
685 2154 806 2198 eorum
835 2133 895 2222 qui
916 2133 965 2198 ita
987 2131 1029 2198 de
1049 2131 1153 2200 rebus
1172 2130 1333 2220 judicant

187 2249 276 2316 actio
301 2248 510 2315 continetur.
542 2248 628 2316 Cum
653 2247 747 2314 Deus
762 2247 925 2322 absolute
955 2248 1091 2315 infinita
1120 2249 1331 2338 perfectione

189 2365 353 2455 praeditus
375 2365 431 2448 sit,
456 2365 594 2454 quando
621 2365 767 2448 exsistit,
793 2386 874 2454 ergo
902 2371 935 2432 et
955 2364 1091 2432 exsistit
1114 2364 1274 2433 absoluta
1292 2386 1334 2431 ex

188 2481 380 2548 aeternitate
397 2481 573 2570 perfectio.
593 2481 687 2548 Deus
707 2481 816 2570 igitur
832 2486 891 2548 aut
910 2503 1029 2548 creare
1049 2488 1109 2548 aut
1128 2503 1200 2547 non
1217 2503 1333 2548 creare

188 2603 312 2686 potest,
350 2598 485 2687 integra
519 2597 935 2686 perfectioneabsoluta,
968 2619 1045 2694 quae
1074 2619 1187 2686 neque
1222 2597 1336 2686 major

188 2734 302 2801 neque
323 2713 439 2778 minor
457 2713 526 2780 fiat.
550 2713 682 2802 Itaque,
711 2714 739 2779 si
763 2713 820 2782 vel
845 2713 1016 2803 optimum
1041 2713 1136 2780 Deus
1159 2698 1332 2779 mundum

191 2835 296 2910 creat,
315 2827 587 2918 haudquaquam
609 2828 672 2895 hac
692 2851 728 2895 re
750 2830 1000 2918 perfectionem
1013 2829 1086 2918 jam
1107 2834 1210 2896 antea
1227 2829 1335 2895 exsis-

188 2949 321 3012 tentem
342 2944 506 3012 immutat
521 2945 807 3033 perfectioremve
822 2946 916 3012 facit.
935 2945 1022 3012 Cum
1038 2953 1156 3013 autem
1171 2968 1280 3013 unum
1303 2952 1336 3013 et

188 3060 282 3128 idem
300 3060 463 3150 perfectio
483 3061 688 3150 bonumque
711 3062 792 3142 sint,
816 3084 889 3128 non
907 3062 1031 3152 majus,
1053 3068 1167 3129 creato
1188 3061 1331 3142 mundo,

189 3177 321 3245 bonum
335 3177 384 3259 fit,
407 3200 513 3268 quam
529 3184 601 3245 erat
616 3177 700 3245 dum
716 3176 812 3245 solus
825 3179 918 3245 Deus
932 3177 1128 3258 exsistebat,
1146 3183 1332 3262 antequam

188 3299 324 3362 creatus
360 3299 452 3362 esset
476 3294 641 3362 mundus.
667 3294 755 3362 Cum
780 3296 898 3385 igitur,
924 3303 963 3361 ut
984 3293 1137 3360 mundus
1160 3292 1215 3370 sit,
1237 3291 1332 3356 Deus

188 3411 321 3478 malum
347 3411 511 3479 exsistere
534 3412 716 3500 permittit,
738 3435 808 3478 non
828 3413 945 3479 animo
965 3410 996 3476 ei
1019 3415 1082 3490 est,
1104 3412 1143 3473 ut
1162 3407 1333 3473 exsistens

188 3532 358 3614 augeatur
373 3525 516 3608 bonum,
535 3528 663 3617 quippe
678 3528 770 3616 quod
784 3527 961 3593 infinitum
974 3525 1048 3615 jam
1064 3523 1334 3611 absolutumque

188 3621 393 3732 aciprorsus
418 3642 610 3731 perfeetum
634 3651 727 3710 esset
748 3648 935 3732 antequam
959 3642 1052 3707 Deus
1072 3638 1204 3706 malum
1225 3638 1336 3706 admi-

190 3758 301 3827 sisset.
336 3758 425 3847 Ergo
454 3779 526 3824 non
555 3764 593 3824 ut
621 3780 736 3846 majus
770 3759 814 3825 sit
844 3757 976 3824 bonum
1010 3757 1103 3823 Deus
1131 3755 1169 3822 in
1203 3753 1334 3822 mundo

189 3874 325 3942 malum
346 3897 421 3942 esse
454 3874 567 3941 sinit:
596 3880 646 3955 ut,
674 3875 703 3940 si
723 3875 800 3963 quis
829 3896 885 3940 res
913 3874 1052 3961 penitus
1077 3871 1333 3960 introspexerit,

190 3991 372 4060 fatendum
384 3991 440 4071 sit,
456 4013 528 4058 non
541 3998 578 4058 ut
595 3991 678 4058 honi
698 4012 837 4057 summa
848 3996 1017 4080 augeatur
1031 3989 1145 4056 Deum
1161 3985 1335 4054 mundum

191 4109 363 4177 creavisse
384 4117 488 4197 atque
508 4107 642 4175 malum
668 4106 882 4197 permisisse.
905 4105 1000 4172 Num
1024 4117 1141 4171 autem
1161 4102 1251 4169 illud
1270 4102 1335 4168 Dei

190 4223 347 4291 absolute
363 4222 445 4290 boni
462 4246 536 4291 esse
547 4223 746 4291 existimes?
761 4222 874 4290 lmmo
886 4245 968 4292 vero
982 4221 1126 4289 omuino
1140 4218 1236 4298 mali,
1253 4240 1334 4284 cum

191 4342 223 4408 ei
247 4341 393 4407 minime
408 4339 511 4408 venia
536 4339 649 4408 danda
674 4342 718 4408 sit
738 4342 810 4430 qui,
837 4363 928 4422 cum,
951 4338 1033 4407 boni
1054 4336 1175 4405 eadem
1196 4356 1335 4425 perma-
