2964 4988
193 380 226 432 32
463 377 507 431 DE
531 376 725 433 LIBERTATE
749 375 844 431 APUD
869 375 1073 431 LEIBNITIUM

236 528 357 618 Itaque
373 527 500 609 Deum,
514 549 595 594 oum
613 550 688 617 quae
704 526 883 615 possibilia
898 531 977 593 actu
994 527 1160 595 exsistere
1174 523 1334 606 debeant,

192 666 269 734 quae
284 666 368 726 non,
384 642 533 733 judicet,
550 648 583 709 et
598 643 803 710 universum
819 664 930 709 unum
946 642 987 711 ab
1009 641 1158 717 essentia
1175 642 1211 707 in
1232 641 1338 707 exsis-

192 760 336 827 tentiam
349 759 497 826 transire
509 759 616 837 sinat„
626 757 716 824 nihil
728 757 821 825 aliud
833 762 985 825 statuere
999 780 1102 847 quam
1113 763 1152 823 ut
1157 756 1235 846 jure
1245 778 1338 823 com-

192 874 410 964 possibilium
427 875 585 964 quaedam
600 873 706 941 series
720 873 761 940 ad
778 874 1016 942 exsistendum
1041 877 1198 956 conetur,
1216 873 1338 938 imme-

193 991 257 1058 rito
273 997 390 1075 antem
405 996 539 1057 ceterae.
554 987 655 1087 Quod
668 989 793 1080 gallice
810 988 1007 1057 Leibnitius
1028 988 1148 1056 scribit
1170 1009 1177 1055 :
1204 1016 1217 1050 «
1241 987 1337 1055 Cette

193 1134 209 1167 «
236 1106 353 1174 raison
367 1104 428 1195 (dn
449 1105 553 1197 choix
567 1103 609 1174 de
625 1104 730 1192 Dieu)
745 1126 789 1172 ne
805 1110 889 1193 peut
909 1127 945 1172 se
963 1111 1101 1173 trouver
1120 1126 1187 1194 que
1201 1102 1287 1170 dans
1303 1104 1336 1170 la

196 1249 210 1283 κ
239 1243 462 1290 convenanoe
497 1243 542 1289 ou
571 1219 657 1292 dans
685 1219 717 1288 le
747 1219 852 1310 degre
885 1219 926 1287 de
960 1220 1152 1308 perfection
1183 1241 1251 1309 que
1281 1241 1338 1286 ces

195 1366 210 1398 «
231 1336 384 1406 ¹mundes
398 1337 637 1420 confirment,
648 1337 782 1426 chaque
799 1335 958 1425 possible
967 1348 1076 1423 ayant
1097 1336 1187 1402 droit
1200 1335 1241 1402 de
1261 1341 1337 1425 pre-

193 1482 209 1515 «
239 1453 359 1522 tendre
375 1459 394 1522 a
410 1452 610 1522 l’existence
626 1458 645 1520 a
660 1474 797 1520 mesure
813 1452 855 1520 de
866 1451 901 1520 la
917 1451 1110 1545 perfection
1125 1451 1212 1540 qu'il
1232 1474 1336 1520 enve-

194 1597 209 1631 α
237 1569 369 1659 loppe¹.
387 1596 403 1630 »

236 1686 315 1754 Non
353 1685 461 1776 igitur
489 1666 653 1757 exsistere
686 1684 805 1752 omnia
838 1706 915 1774 quae
944 1682 1125 1774 possibilia
1150 1683 1222 1750 sint
1252 1704 1259 1752 ε
1291 1705 1336 1750 ne

93 1784 96 1789 ⁴
192 1803 311 1870 omnia
344 1799 487 1892 quidem
523 1800 688 1869 exsistere
718 1822 807 1889 quae,
838 1801 868 1866 si
904 1801 1091 1890 separatim
1128 1800 1335 1890 inspexeris,

191 1917 353 1986 bonnuel
372 1916 476 1985 ctiam
496 1917 628 2006 optima
644 1915 725 1982 sint.
744 1915 808 1983 Illa
824 1921 965 1982 tantum
984 1916 1061 1984 fieri
1083 1938 1161 2005 quae
1181 1938 1338 2005 compos-

191 2033 307 2100 sibilia
322 2033 517 2121 sintatque
536 2030 682 2098 meliora
696 2032 733 2098 in
756 2053 893 2099 summa
907 2053 1012 2121 quam
1033 2031 1106 2098 ulla
1121 2032 1252 2121 quaevis
1268 2030 1337 2099 alia

191 2146 491 2237 compossibilium
513 2147 631 2214 series.
648 2147 719 2215 Nec
742 2153 860 2214 tamen
883 2147 970 2236 ipsis
990 2146 1213 2236 possibilibus
1233 2147 1336 2215 illum

192 2286 297 2353 quem
327 2263 369 2331 ad
396 2261 634 2330 exsistentium
662 2267 828 2330 conatum
856 2261 1007 2330 habeant
1031 2262 1145 2330 Deum
1170 2263 1334 2346 tribuere,

192 2402 286 2461 oum,
306 2384 345 2447 ut
361 2378 481 2469 gravia
503 2377 542 2445 ad
565 2384 726 2446 terrestre
742 2384 914 2461 centrum,
935 2379 985 2446 sic
1005 2377 1188 2469 possibilia
1212 2384 1336 2469 sponte

191 2519 255 2564 sua
290 2495 332 2564 ad
366 2495 605 2563 exsistentiam
636 2493 792 2562 tendant.
821 2494 966 2582 Idcirco,
992 2518 1073 2563 cnm
1103 2497 1197 2563 Deus
1226 2519 1336 2567 unam

74 2681 78 2690 ,
191 2635 310 2681 rerum
337 2613 463 2682 seriem
484 2634 602 2680 creare
629 2610 803 2690 decernat,
821 2611 1074 2702 impedimenta
1093 2614 1337 2683 tantummodo

190 2728 312 2796 tollere
334 2752 411 2820 quae
432 2729 485 2796 illi
508 2727 610 2796 seriei
634 2727 845 2797 obstarent².

734 3020 811 3122 nr*

235 3266 337 3335 Nunc
357 3266 476 3354 itaque
490 3261 671 3355 ¹quomodo
690 3260 810 3332 divina
829 3263 993 3359 voluntas
1014 3271 1103 3359 ,agat
1124 3264 1335 3353 patefactum

190 3382 341 3452 videtur.
446 3360 448 3364 ὗ
491 3366 493 3371 ’

233 3497 457 3565 Intellectum
485 3493 648 3593 divinum
672 3515 715 3561 ex
745 3494 842 3560 ideis·
860 3493 1078 3582 possibilium
1110 3494 1335 3584 compossibi-

189 3615 349 3704 liumque
365 3619 467 3702 atque
483 3610 594 3700 ipsius
614 3608 697 3676 boni
717 3615 874 3677 constare
893 3609 1090 3705 Leibnitius
1107 3616 1205 3701 putat
1222 3632 1229 3677 :
1248 3635 1333 3704 quas

188 3737 337 3799 aeternas
365 3749 440 3794 esse
467 3724 562 3792 ideas
591 3729 695 3813 atquc
721 3745 739 3790 e
766 3729 893 3792 natura
917 3722 1050 3809 divina,
1074 3727 1160 3796 adeo
1185 3733 1236 3810 ut,
1264 3751 1336 3796 non

186 3846 290 3915 modo
311 3867 369 3913 eas
388 3832 482 3910 Deus
503 3861 619 3908 creare
640 3860 711 3905 non
727 3839 908 3927 potuisset,
928 3863 1050 3909 verum
1076 3843 1193 3930 etiam,
1211 3843 1242 3910 si
1262 3867 1334 3912 non

189 3968 317 4043 essent,
340 3961 413 4050 ipse
429 3979 501 4025 non
517 3961 617 4025 esset.

233 4080 347 4146 Deum
364 4074 546 4144 voluntate
562 4094 626 4140 sua
640 4072 773 4140 bonum
788 4072 988 4141 absolutum
1012 4080 1137 4144 natura
1158 4075 1259 4160 velle,
1274 4074 1333 4143 sed

222 4296 245 4343 t.
263 4289 457 4355 Monadotogrie,
472 4301 529 4353 par.
546 4289 584 4337 54.

222 4378 244 4424 2.
261 4371 299 4424 Gi.
316 4371 462 4421 Boutroux.
479 4368 545 4417 intr.
561 4367 578 4417 ὰ
594 4365 623 4417 ta
639 4366 832 4431 Monadoloqie,
847 4383 874 4434 p.
891 4371 929 4419 85.
