2964 4988
221 375 304 438 QUID
330 376 468 431 vetunt
493 377 717 431 LEIBNITIANA
740 378 786 430 DE
812 377 1008 430 LIBERTATE
1028 377 1221 430 SENTENTIA
1276 377 1309 429 83

169 554 185 587 «
211 532 340 594 ment¹.
363 555 379 588 »
399 527 453 610 Et,
480 528 548 594 alio
575 527 650 594 loco
676 550 683 594 ε
713 556 728 587 «
755 526 804 593 La
828 525 974 594 volition
996 531 1046 593 est
1066 526 1191 593 l'effort
1210 549 1255 594 ou
1277 526 1310 593 la

169 670 184 703 κ
211 641 381 710 tendance
402 642 575 733 (conatus)
596 643 715 709 d'alter
737 664 815 709 vers
844 664 884 709 ce
908 641 1013 730 qu'on
1040 649 1161 710 trouve
1187 641 1311 709 bonet
1369 639 1372 644 ’

171 786 185 819 »
211 757 284 825 loin
306 758 347 826 de
364 781 401 826 ce
425 759 531 848 qu'on
543 764 665 826 trouve
686 757 857 841 mauvais,
879 781 922 825 en
940 765 1029 825 sorte
1045 781 1111 847 que
1132 764 1219 826 cette
1235 762 1311 824 ten-

168 902 183 934 «
211 873 319 942 dance
335 877 464 941 resutte
487 874 787 941 immediatement
809 872 850 940 de
871 873 904 940 la
920 875 1118 962 perception
1142 873 1247 962 qu'on
1268 896 1310 941 en

168 1017 183 1049 α
211 1002 262 1056 a¹.
290 1017 307 1052 »
325 990 425 1072 Quod
437 989 534 1057 ethis
546 989 1058 1058 etiamuerhisconfirmatur:«
1077 989 1172 1056 Dans
1183 989 1215 1055 le
1232 1011 1312 1055 sens

168 1133 183 1165 «
210 1105 366 1213 general3
380 1129 425 1173 on
442 1111 525 1195 peut
540 1106 614 1172 dire
630 1127 698 1194 que
714 1104 748 1171 la
762 1105 902 1173 volente
918 1105 1066 1171 consiste
1084 1105 1169 1171 dans
1186 1103 1312 1170 l'r'nclr'-
1392 1186 1394 1190 ι
1473 1103 1480 1114 ’

169 1248 184 1280 u
207 1221 328 1287 tration
342 1227 361 1287 a
377 1221 461 1288 faire
478 1220 630 1311 quelque
647 1220 764 1303 chose,
782 1226 800 1287 a
817 1221 1019 1310 proportion
1033 1219 1078 1286 du
1092 1220 1173 1287 bien
1187 1219 1312 1310 qu'elle

168 1363 184 1396 «
210 1336 413 1421 renferme⁸.
441 1363 457 1398 n
482 1338 566 1418 Quae
594 1336 767 1404 sententia
797 1335 946 1426 denique
970 1335 1031 1403 illa
1060 1337 1314 1403 consuetudine

165 1451 407 1519 corroboratur
438 1475 507 1542 qua
538 1452 645 1520 verba
678 1479 695 1514 «
730 1473 832 1541 agere
863 1481 878 1512 »
917 1460 1020 1540 atque
1052 1480 1067 1512 α
1098 1452 1314 1519 tendentiam

165 1566 295 1635 habere
316 1596 331 1630 n
350 1567 548 1635 Leibnitius
568 1567 781 1636 confundere
802 1567 917 1634 sotere
942 1567 1020 1634 Non
1041 1567 1148 1657 igitur
1169 1568 1314 1636 dubium

166 1691 217 1750 est
247 1684 332 1773 quin
366 1682 596 1763 voluntatem,
627 1682 841 1772 ubicumque
866 1682 1072 1771 reperiatur,
1098 1685 1314 1751 tendentium

164 1799 347 1868 intellectu
360 1798 517 1890 adjutam
531 1821 606 1866 esse
622 1798 817 1865 Leihnitius
829 1799 1017 1865 existimet.
1034 1799 1123 1889 Ergo
1139 1805 1173 1866 et
1188 1801 1314 1890 inipso
1397 1869 1398 1874 ,

166 1917 239 1983 Deo
255 1915 347 1983 idem
361 1937 486 1982 verum
499 1937 575 1981 esse
588 1913 788 1997 arbitratur.
906 1996 908 2006 Α

190 2032 373 2099 'Ceterum
398 2053 439 2096 ex
460 2030 546 2119 ipsis
570 2029 736 2097 doctrinae
759 2028 834 2118 ejus
860 2029 1041 2118 principiis
1072 2028 1176 2097 hoca
1204 2031 1310 2121 priori

166 2146 288 2214 deduci
300 2147 482 2235 potuisset.
498 2145 657 2235 Namque
670 2143 856 2212 Monadem
872 2144 1077 2234 quamlibet,
1095 2168 1173 2213 cum
1189 2153 1223 2213 et
1238 2170 1314 2214 mu·

165 2268 260 2330 tetur
284 2267 318 2329 et
341 2268 459 2329 tamen
487 2261 703 2328 extrinsecus
728 2261 857 2327 mutari
886 2283 958 2327 non
989 2262 1110 2349 possit,
1134 2261 1314 2329 internum

165 2378 374 2446 mutationis
401 2377 527 2444 habere
556 2376 752 2443 necessario
770 2375 983 2463 principium
1004 2375 1158 2443 diximus
1185 2399 1192 2445 :
1222 2379 1314 2468 quod

165 2493 378 2583 principium
400 2492 593 2582 appetitum
614 2491 822 2579 nuncupari.
842 2490 930 2558 Cum
947 2496 1065 2558 autem
1085 2492 1178 2559 inter
1195 2493 1313 2581 piures

164 2609 328 2676 Monades
358 2608 499 2676 nullum
528 2605 624 2674 aliud
661 2607 706 2673 sit
734 2606 920 2673 discrimen
950 2607 1020 2672 nisi
1050 2608 1313 2698 perceptionum

164 2723 304 2814 gradus,
323 2747 400 2814 quae
416 2745 456 2791 eo
475 2721 711 2789 distinctiones
733 2723 803 2789 sint
823 2743 891 2811 quo
909 2721 1131 2810 perfectiores
1152 2723 1314 2790 substan-

163 2839 234 2921 tiae,
254 2862 416 2928 cumque,
435 2838 528 2928 quod
544 2839 581 2904 in
595 2836 814 2927 simplicibus
835 2837 1040 2904 Monadihus
1056 2837 1192 2905 dicatur
1208 2862 1313 2930 appe-

165 2956 261 3038 tirus,
292 2956 328 3022 in
355 2954 544 3044 Spiritibus
575 2949 736 3020 voluntas
764 2953 979 3035 nominetur,
1011 2954 1123 3042 ipsam
1156 2954 1311 3023 divinam

164 3071 383 3138 voluntatem
403 3093 422 3137 a
445 3068 659 3157 simplicium
681 3069 835 3157 appetitu
852 3067 1042 3135 Monadum
1057 3067 1312 3159 hominumque

165 3175 357 3268 voluntate,
381 3208 465 3267 non,
483 3184 550 3252 nisi
573 3182 694 3273 gradu,
711 3183 841 3251 distare
857 3206 957 3272 posse
973 3189 1078 3272 patet.

212 3302 279 3384 Sic,
294 3307 328 3370 et
343 3325 361 3369 e
376 3300 561 3390 propositis
573 3322 649 3388 quae
661 3300 735 3387 ipse
745 3298 942 3365 Leihnitius
953 3299 1123 3387 exposuit,
1138 3304 1172 3367 et
1187 3299 1311 3388 exejus

166 3416 332 3485 doctrinae
360 3414 742 3506 principiis,·humanae
771 3414 966 3504 divinaeque
997 3413 1190 3481 voluntatis
1212 3418 1310 3505 quasi

165 3533 291 3621 stipem
311 3555 350 3600 ac
375 3532 528 3600 radicem
544 3529 760 3599 tendentium
788 3551 863 3596 esse
884 3529 1165 3597 concludendum
1187 3531 1308 3622 liquet.

208 3648 283 3714 Illis
314 3653 431 3715 autem
458 3647 562 3714 rebus
596 3645 730 3736 positis,
764 3667 944 3735 perperam
978 3644 1077 3713 illam
1107 3648 1310 3737 opinionem

165 3762 391 3845 Leibnitium,
417 3767 537 3852 utpote
557 3761 614 3851 qui
641 3760 710 3828 alia
737 3759 896 3849 quaedam
928 3762 1100 3850 acceperit
1125 3763 1307 3852 principia,
1391 3758 1395 3766 ’

164 3879 361 3946 defendisse
388 3900 453 3945 nos
477 3878 730 3945 existimamus.

195 4050 217 4097 1.
235 4048 308 4097 corr.
322 4061 385 4096 avec
398 4047 522 4096 nemone.
536 4046 626 4107 cern,
642 4047 662 4095 t.
676 4046 721 4105 nr,
734 4059 760 4108 p.
777 4046 823 4094 arr
840 4023 930 4107 tini).

196 4131 219 4177 2.
232 4129 376 4195 Nouoeaax
391 4128 480 4188 esseio,
494 4126 512 4175 l.
530 4127 563 4186 ll,
575 4125 642 4188 chap
655 4139 709 4173 xx1.
725 4125 813 4184 tanet,
824 4139 850 4186 p.
869 4125 921 4170 tt‘r.

196 4210 219 4256 3.
235 4206 302 4256 tbid.
319 4207 498 4268 Gerh.,t.v1‚
514 4221 538 4268 p.
554 4207 608 4254 115.

195 4291 218 4336 t.
235 4287 308 4337 Corr.
322 4302 384 4336 avec
404 4287 436 4336 de
460 4285 562 4334 Volrter.
584 4285 671 4343 Genu,
691 4284 723 4345 ll,
742 4299 766 4346 p.
783 4285 827 4332 248
839 4284 929 4346 (trra).
948 4302 958 4326 α
975 4284 1060 4346 Agere
1078 4299 1127 4334 seu
1141 4285 1310 4336 tendentium

164 4367 271 4417 habere.
285 4388 296 4409 n
