2964 4988
512 371 557 424 Du
578 371 782 427 VOLUNTATE
803 373 950 428 uuuANl
1272 374 1304 428 13

162 545 177 577 κ
206 517 254 606 (et
281 510 439 586 Hobbius
466 521 653 610 consentit)
678 520 852 611 justitiam
883 524 958 590 sine
988 522 1139 591 utilitate
1168 524 1306 614 propria

161 661 176 692 «
203 631 292 722 (sive
308 640 479 724 praesente
500 637 573 704 sive
597 637 728 728 futura)
750 660 926 706 summam
947 660 1022 705 esse
1047 638 1230 706 stultitiam
1237 689 1301 706 .....

159 777 174 809 «
202 748 308 839 Ergo,
330 773 434 819 omne
451 750 587 841 justum
613 751 715 820 debet
738 776 813 821 esse
833 753 996 844 privatim
1017 754 1104 822 utile
1118 776 1125 837 ;
1141 753 1201 822 sed
1223 776 1304 821 cum

158 892 174 927 n
196 863 343 955 justitiae
359 866 471 935 forma
484 869 650 935 consistat
665 868 701 934 in
716 868 853 958 publica
866 870 1027 954 utilitate,
1042 870 1200 959 sequitur
1211 869 1304 960 quod

158 960 179 1042 «¹
203 1003 275 1048 non
291 983 400 1071 possit
421 989 581 1051 accurate
602 983 833 1052 demonstrari
859 985 933 1053 baec
953 987 1142 1075 propositio
1166 1010 1174 1055 :
1199 985 1304 1054 homo

162 1123 176 1158 l
204 1096 356 1187 prudens
393 1097 495 1166 debet
532 1121 671 1188 semper
706 1122 807 1191 agere
845 1099 938 1190 quod
968 1101 1105 1191 justum
1139 1108 1203 1185 est,
1234 1102 1304 1168 nisi

159 1239 176 1274 n
203 1211 461 1282 demonstretur
472 1237 545 1282 esse
556 1214 743 1304 quemdam
754 1222 961 1306 perpetuum
974 1215 1147 1285 vindicem
1157 1217 1304 1308 publicae
1323 1290 1325 1295 ι
1380 1304 1383 1311 .

160 1356 176 1391 α
204 1329 367 1398 utilitatis
372 1383 438 1399 .....
470 1330 506 1399 id
534 1337 587 1400 est
610 1332 737 1414 Deum,
767 1354 918 1423 cumque
946 1354 1051 1400 sensu
1077 1334 1304 1402 manifestum

160 1472 176 1508 «
204 1446 261 1529 sit,
274 1469 355 1514 eum
370 1469 441 1516 non
458 1469 533 1515 esse
548 1470 687 1537 semper
699 1447 877 1516 vindicem
893 1448 930 1515 in
946 1448 1011 1516 hac
1028 1450 1109 1532 vita,
1123 1472 1304 1540 superesse

159 1590 175 1624 «
200 1562 319 1646 aliam,
336 1563 372 1631 id
391 1569 442 1631 est
462 1585 538 1630 esse
563 1564 716 1654 aliquem
737 1563 852 1631 Deum
877 1569 912 1631 et
935 1564 1124 1632 humanam
1149 1572 1303 1633 mentem

160 1706 175 1739 o
202 1700 278 1746 esse
303 1678 551 1747 immortalem.
576 1707 592 1742 »
615 1679 750 1760 Quibus
765 1679 889 1770 positis
903 1679 1021 1765 rebus,
1038 1680 1132 1770 quod
1146 1681 1302 1772 Spinozae

156 1793 352 1863 Leibnitius
375 1795 498 1885 objicit
519 1818 614 1863 nunc
642 1795 864 1863 manifestam
887 1797 923 1862 in
950 1795 1064 1864 lucem
1085 1795 1300 1886 producitur.

155 1909 390 2002 Metapbysica
414 1912 510 1979 enim
535 1911 564 1977 si
589 1934 658 2001 qua
678 1912 821 1979 exsistat
844 1913 1045 1995 necessitas,
1065 1917 1242 2001 poterunt,
1263 1917 1303 1980 ut

155 2027 203 2093 ait
219 2026 367 2117 Spinoza
380 2056 396 2092 «
412 2028 571 2096 homines
585 2027 802 2096 excusabiles
818 2050 904 2110 esse,
925 2034 959 2095 et
973 2027 1208 2097 nihilominus
1221 2028 1302 2096 bea·
1358 2029 1361 2037 ’

114 2210 123 2217 ‚
155 2170 171 2204 «
198 2143 347 2212 titudine
362 2167 479 2213 carere
496 2148 530 2212 et
541 2144 658 2212 multis
673 2144 787 2211 modis
802 2144 969 2212 cruciari¹
987 2172 1016 2216 ».
1035 2145 1073 2212 Id
1086 2167 1168 2213 vero
1184 2167 1302 2212 mons-

155 2264 289 2326 trosum
308 2259 504 2328 Leibnitius
524 2282 600 2327 esse
617 2257 764 2349 judicat.
784 2259 822 2327 Si
842 2260 938 2327 enim
953 2260 1035 2328 boni
1050 2266 1083 2328 et
1103 2260 1185 2328 mali
1200 2260 1299 2328 nullo

155 2373 359 2443 discrimine
374 2396 494 2464 poenas
506 2374 602 2443 luere
618 2381 678 2442 aut
690 2375 887 2443 mercedem
899 2377 1055 2466 accipere
1071 2376 1217 2465 possint,
1237 2398 1299 2465 pro

155 2513 295 2558 summa
316 2491 466 2559 stultitia
486 2489 684 2558 habendam
710 2513 786 2558 esse
807 2490 982 2580 justitiam
1004 2513 1011 2557 :
1037 2492 1154 2573 «Hoc,
1170 2492 1297 2581 iuquit,

155 2636 171 2668 a
198 2629 271 2675 non
295 2608 370 2674 sine
390 2607 524 2675 cautela
541 2606 864 2690 transmittendum,
882 2613 915 2674 et
931 2606 1097 2675 credibile
1113 2612 1166 2676 est
1181 2614 1299 2697 postn-

157 2753 170 2785 «
197 2724 269 2792 lare
282 2730 445 2792 naturam
457 2724 522 2790 Dei
537 2723 609 2791 sive
629 2721 1009 2812 rerumperfectionem
1026 2729 1067 2792 nt
1088 2746 1136 2792 eae
1155 2724 1296 2791 tandem

155 2870 170 2902 «
197 2841 317 2909 felices
333 2863 408 2908 esse
424 2839 729 2932 deprehendantur
741 2862 889 2929 quarum
904 2841 1066 2909 voluntas
1077 2847 1169 2909 recta
1184 2847 1262 2908 θεῖ’.
1279 2867 1295 2902 »

153 2955 252 3038 Quod
272 2964 305 3023 et
323 2955 409 3022 alias
424 2954 551 3046 gallico
572 2978 733 3024 sermone
755 2957 938 3024 confirmat
958 2979 966 3025 ε
986 2985 1002 3019 «
1019 2957 1062 3023 Et
1076 2979 1211 3024 comme
1226 2978 1296 3024 nne

154 3101 169 3133 a
196 3072 365 3140 necessite
378 3071 655 3140 insurmontable
668 3072 837 3140 ouvrirait
848 3072 882 3141 la
894 3078 990 3164 porte
1005 3072 1217 3162 al’impiete‚
1231 3063 1297 3139 soit

152 3217 168 3250 o
196 3212 257 3280 par
281 3187 476 3278 [impunite
493 3186 598 3273 qu'on
617 3208 661 3254 en
683 3188 839 3278 pourrait
861 3188 1002 3273 inserer,
1020 3189 1088 3255 soit
1116 3211 1177 3278 par
1193 3187 1296 3255 l'inu-

154 3333 169 3365 «
196 3306 284 3372 tilite
306 3303 391 3396 qu'il
418 3327 440 3394 y
464 3304 578 3370 aurait
597 3301 638 3370 de
666 3303 804 3370 vouloir
834 3305 975 3371 resister
1003 3327 1048 3372 au
1072 3307 1207 3371 torrent
1236 3303 1295 3392 qui

153 3450 168 3483 «
196 3425 353 3488 entralne
375 3424 463 3504 tout,
480 3420 505 3487 il
521 3427 574 3487 est
592 3419 784 3508 important
803 3418 844 3485 de
862 3440 1029 3509 marquer
1048 3419 1099 3487 les
1119 3418 1296 3487 differente

152 3567 166 3596 κ
195 3536 317 3626 degres
339 3535 381 3604 de
402 3537 437 3603 la
458 3536 630 3604 necessite
643 3540 678 3603 et
692 3534 734 3601 de
753 3534 839 3602 faire
854 3535 928 3603 voir
943 3534 1027 3624 qu'il
1042 3558 1064 3627 y
1078 3558 1122 3604 en
1137 3559 1157 3603 a
1171 3537 1231 3628 qui
1249 3557 1294 3604 ne

151 3680 166 3715 «
189 3652 367 3720 sauraient
378 3652 638 3734 nuire,·comme
652 3649 682 3717 il
693 3673 716 3739 y
726 3671 769 3716 en
781 3673 803 3718 a
817 3649 966 3720 d’aatres
981 3651 1044 3744 qui
1057 3675 1100 3720 ae
1118 3651 1295 3722 coarctent

150 3798 165 3832 ι
193 3769 261 3838 ttre
294 3767 404 3837 admis
436 3791 516 3837 sans
554 3765 684 3834 donner
714 3764 783 3834 lieu
821 3767 843 3834 d
874 3768 915 3834 de
952 3768 1144 3837 mauvaises
1178 3773 1294 3836 consi·

149 3913 166 3949 «
192 3907 337 3976 quenccs
349 3895 371 3952 ².
393 3913 409 3947 ε
424 3884 518 3971 Ergo
533 3882 638 3975 quod,
656 3883 685 3949 si
704 3883 891 3951 necessitas
904 3882 1063 3951 absoluta
1078 3889 1181 3965 esset,
1199 3884 1293 3951 Dens

148 4008 285 4071 sontem
310 4001 447 4089 punire,
462 4000 594 4069 bonum
613 3997 757 4088 praemio
779 3999 906 4066 donaro
928 3999 1003 4066 sine
1027 3996 1200 4088 injustitia
1222 4021 1294 4068 non
1374 4053 1377 4061 .

180 4221 202 4268 l.
218 4217 343 4284 Spiuoza.
360 4215 501 4266 Deucitmc
515 4215 595 4264 lettre
609 4215 625 4262 ὰ
643 4212 822 4275 oldenbourp.
837 4212 955 4274 Gerl1.,t.
969 4214 990 4274 l,
1004 4228 1030 4278 p.
1045 4214 1098 4263 128.

179 4304 203 4350 a.
220 4297 404 4350 obseruatione
417 4309 465 4345 aar
479 4295 509 4344 la
521 4294 655 4344 deuoeieme
669 4293 748 4343 lettre
762 4293 779 4341 ὰ
794 4291 973 4356 Otdeabourp.
988 4292 1076 4354 Geth„
1089 4295 1109 4343 t.
1121 4294 1142 4354 1,
1156 4307 1183 4357 p.
1197 4294 1250 4343 128.

180 4383 203 4430 3.
222 4379 319 4430 Τὴέοά.
331 4377 419 4436 Geth„
437 4379 455 4425 t.
472 4375 515 4434 vl,
531 4388 559 4438 p.
574 4375 612 4422 3³.
