2964 4988
207 355 240 407 66
425 350 428 358 ’
474 358 520 410 DE
545 357 740 413 LIBERTATE
763 359 857 413 APUD
883 358 1085 412 LElBNlTlUM

205 504 254 571 sic
288 528 365 594 quae
388 508 524 597 proprie
554 531 705 597 vereque
734 508 852 575 divina
876 508 987 598 gratia
1011 507 1149 590 dicitur,
1177 508 1206 573 si
1234 509 1353 576 omnia

204 619 435 689 determinata
464 624 545 706 sint,
576 625 611 689 in
639 624 771 691 mundo
796 625 913 691 locum
938 624 1065 690 habere
1091 623 1243 691 nullum.
1272 624 1351 690 Non
1436 623 1437 626 ’

204 737 299 803 enim
328 738 421 826 quod
437 751 533 805 rara¹
555 740 610 822 sit,
638 740 698 806 sed
718 740 801 830 quia
826 739 938 806 solitis
958 747 1092 806 naturae
1119 738 1253 828 legibus
1278 762 1349 805 nou

201 860 332 941 pareat,
351 854 598 922 miraculosam
610 877 686 922 esse
702 856 861 944 gratiam.
882 855 918 922 Si
932 877 1014 922 vero
1036 854 1156 921 omnia
1170 856 1207 920 in
1222 860 1347 920 natura

200 966 431 1037 determinata
459 977 552 1053 sunt,
577 971 754 1061 quomodo
775 972 811 1037 in
827 977 955 1038 natura
980 971 1056 1037 lieri
1081 951 1214 1060 aliquid
1236 974 1347 1058 potest

200 1084 294 1173 quod
319 1085 395 1153 sine
423 1108 528 1153 causa
554 1086 708 1153 naturali
732 1088 894 1154 effectum
922 1087 992 1153 sit?

244 1201 358 1282 Quam
372 1200 613 1270 difficultatem
622 1201 831 1284 LeihnitiuS,
845 1201 966 1291 positis
978 1202 1050 1268 suis
1066 1202 1261 1291 principiis,
1280 1206 1349 1269 sta-

200 1316 264 1382 tim
286 1317 363 1383 tolli
388 1318 574 1385 existimat.
595 1319 684 1385 Nam
709 1323 743 1385 et
765 1319 931 1384 exsistere
957 1318 1110 1407 aliquem
1137 1339 1348 1384 concursum

198 1433 262 1499 Dei
287 1433 603 1500 extraordinarium
614 1446 635 1514 ¹,
651 1438 685 1501 et
699 1435 814 1500 Deum
834 1434 962 1524 gratias
983 1457 1075 1516 suas,
1094 1439 1132 1500 ut
1147 1433 1243 1512 velit,
1266 1433 1346 1499 dare

198 1547 373 1617 admittit:
392 1576 407 1610 α
422 1550 462 1617 Je
478 1549 645 1617 demeure
666 1549 835 1628 d'accord,
854 1551 980 1640 inquit,
998 1573 1062 1640 que
1083 1551 1118 1616 lu
1140 1549 1243 1640 qrctce
1265 1548 1349 1615 n'est

201 1693 216 1725 a
239 1665 340 1754 point
355 1665 486 1733 donner
500 1689 571 1733 oica
583 1665 728 1749 meritae,
744 1667 897 1756 quoique
910 1673 983 1732 tant
999 1666 1050 1733 les
1065 1665 1199 1732 bonnas
1215 1688 1282 1750 que
1298 1666 1349 1731 les

202 1806 218 1843 «
241 1782 439 1848 mauvaises
456 1783 590 1849 actions
605 1789 745 1849 entrent
761 1782 847 1848 dans
862 1782 895 1849 le
916 1788 1052 1871 compte
1069 1804 1205 1849 comme
1226 1787 1300 1848 tout
1315 1779 1348 1847 le

199 1924 214 1957 «
238 1903 339 1979 reste,
357 1920 445 1987 pour
460 1898 493 1964 la
509 1898 696 1965 formation
709 1899 754 1965 du
769 1898 849 1987 plan
865 1897 949 1964 total
966 1903 1011 1964 oia
1024 1898 1054 1963 le
1071 1898 1163 1963 salut
1179 1903 1230 1963 est
1249 1919 1345 1964 com-

199 2038 215 2072 «
237 2013 337 2101 pris⁸.
353 2039 369 2072 »
384 2013 433 2079 Ν6
448 2020 563 2080 tamen
577 2013 658 2081 inde
674 2013 792 2079 minus
807 2012 1040 2078 determinata
1055 2019 1216 2100 putemus
1228 2014 1348 2078 omnia

198 2127 332 2216 quaein
353 2128 484 2194 mundo
500 2128 605 2209 liunt3
630 2150 713 2193 nam
734 2150 806 2193 non
826 2127 955 2193 rationi
981 2134 1185 2218 naturaeque
1211 2134 1347 2194 contra-

201 2243 305 2325 rium,
331 2244 390 2310 sed
417 2267 522 2334 supra
544 2244 714 2310 rationem
735 2248 969 2333 naturamque
993 2243 1144 2328 solitam,
1173 2243 1344 2333 quidquid

199 2357 449 2426 miraculosum
470 2360 514 2426 sit
529 2359 726 2427 Leihnitius
740 2382 816 2426 esse
836 2358 1034 2426 arbitratur.

242 2465 396 2561 Etenim,
410 2477 516 2561 Deus,
528 2499 610 2543 cum
626 2476 800 2543 mundum
817 2477 960 2561 creavit,
977 2476 1146 2567 quidquid
1167 2477 1204 2542 in
1220 2499 1260 2543 eo
1275 2476 1344 2542 fac-

199 2596 274 2660 tum
299 2593 458 2659 futurum
481 2598 571 2660 esset
598 2599 700 2660 antea
724 2592 926 2660 intellexit:
954 2615 1036 2682 ergo
1060 2598 1093 2660 et
1115 2616 1237 2660 omnes
1263 2614 1348 2682 prae-

199 2708 287 2775 vidit
302 2709 501 2775 occasiones
521 2709 557 2774 in
573 2708 700 2798 quihus
715 2709 863 2798 gratiam
880 2731 981 2774 suam
1002 2709 1174 2775 missurus
1194 2708 1296 2791 foret,
1314 2713 1370 2774 et'

201 2824 284 2912 quia
306 2825 448 2913 optima,
473 2823 542 2889 illis
560 2824 685 2912 qratiis
709 2824 810 2907 dotia,
830 2845 947 2889 rerum
968 2823 1189 2913 possibilium
1210 2846 1350 2891 summa

201 2944 288 3023 erat,
317 2961 394 3005 eam
424 2961 541 3006 rerum
575 2939 703 3005 seriem
741 2961 818 3028 quae
848 2939 982 3006 exsistit
1015 2963 1090 3008 esse
1124 2941 1245 3008 voluit.
1277 2941 1348 3007 Nec

201 3054 350 3126 dubium
370 3054 468 3145 quin,
492 3077 571 3121 cum
593 3054 695 3121 illum
720 3054 895 3122 mundum
919 3055 1013 3139 fecit,
1036 3057 1156 3123 omnia
1177 3057 1213 3122 in
1233 3078 1273 3122 eo
1301 3056 1349 3120 ita

202 3172 383 3254 creaverit,
406 3177 444 3236 ut
468 3169 677 3238 naturaliter
704 3170 779 3260 ipsa
811 3171 897 3237 fiant
927 3170 1098 3238 miracula
1124 3177 1226 3259 atque
1253 3169 1345 3250 ideo,

201 3288 284 3376 ipsae
308 3286 590 3353 extraordinariae
611 3286 733 3377 gratiae
753 3285 890 3353 dentur.
909 3287 1031 3375 Igitur,
1054 3307 1134 3351 cum
1154 3305 1226 3348 non
1245 3289 1348 3348 natu-

201 3402 288 3469 ralia
302 3403 474 3470 miraoula
489 3425 528 3470 ac
545 3404 664 3492 gratiae
680 3403 780 3469 nobis
794 3425 869 3469 esse
885 3401 1058 3476 videntur,
1075 3421 1146 3465 non
1166 3397 1260 3488 quod
1275 3421 1347 3465 non

201 3518 376 3584 naturalia
392 3519 473 3600 sint,
493 3518 552 3584 sed
569 3519 649 3607 quia
672 3524 835 3586 naturam
856 3538 926 3583 non
948 3515 1030 3582 satis
1047 3515 1276 3605 cognovimus
1298 3515 1348 3583 sic

202 3633 242 3700 de
267 3632 338 3698 illis
357 3632 583 3720 judicamus:
608 3662 623 3693 a
648 3633 702 3699 On
723 3639 806 3723 peut
827 3631 900 3699 dire
925 3653 992 3720 que
1012 3629 1062 3697 les
1083 3630 1244 3698 miracles
1270 3637 1350 3698 sont

203 3777 219 3811 «
241 3749 335 3816 aussi
349 3746 428 3815 bien
440 3747 526 3814 dans
538 3747 662 3815 l'ordre
679 3771 745 3838 que
758 3749 808 3814 les
827 3748 1025 3836 operations
1043 3747 1233 3813 naturalles
1245 3747 1349 3837 qu'on

202 3863 375 3954 «appelle
403 3863 492 3930 ainsi
523 3886 624 3952 parce
646 3863 791 3953 qu’elles
817 3868 898 3929 sont
916 3863 1114 3930 conformes
1136 3869 1156 3929 a
1180 3864 1348 3930 certaines

201 4011 217 4044 «
240 3981 411 4049 matrimes
431 3979 648 4048 subalternas
674 4002 741 4069 que
768 3959 857 4046 nous
884 3980 1052 4070 appelons
1074 3979 1108 4046 la
1139 3984 1262 4045 nature
1288 3978 1348 4046 des

231 4201 251 4247 1.
270 4198 345 4248 Gorr.
360 4213 422 4248 avec
438 4196 573 4246 Arnauld.
587 4195 674 4256 Geth„
689 4197 710 4244 t.
725 4195 754 4256 11,
771 4208 797 4257 p.
814 4194 843 4242 92
859 4193 949 4256 (1681).

228 4283 250 4327 2.
270 4279 346 4342 ibid„
360 4279 439 4329 lettre
456 4291 490 4326 xv
504 4277 596 4341 (1691).

229 4362 251 4407 3.
267 4357 344 4419 ibid„
361 4356 557 4407 Melabrunahe.
574 4357 665 4418 Gerh„
679 4358 698 4406 t.
715 4355 734 4416 l,
749 4369 774 4418 p.
789 4354 834 4402 360
848 4352 922 4416 (sans
940 4353 1019 4418 date).
