2964 4988
167 332 202 385 80
437 331 482 384 DE
509 329 703 384 cruentare
726 328 821 384 APUD
846 328 1049 395 LElBNlTlUll

169 485 269 562 teret,
293 480 603 547 contradictionem
629 479 836 569 implicaret.
865 508 881 542 «
903 480 1010 555 Patet,
1025 480 1121 547 enim
1140 480 1319 548 1111111111-

170 624 186 658 «
207 596 291 661 tiam
317 618 392 663 esse
423 596 672 685 perlectionem
704 618 766 662 seu
796 618 923 686 augere
952 596 1157 676 realitatem‚
1191 595 1316 679 idest,

167 740 183 773 «
209 734 291 779 cum
311 712 555 800 concipiturh
576 712 746 778 exsistens
767 711 847 800 plus
868 710 1036 779 realitatis
1057 712 1195 802 concipi
1210 734 1319 801 quam

168 856 184 889 «
211 850 291 895 cum
312 827 509 916 concipitur
537 827 568 892 A
587 826 753 916 possibile
772 838 791 892 ¹.
821 826 956 897 »Unde
979 828 1175 896 necessario
1198 827 1320 918 colligi

166 944 290 1028 Deum,
314 965 394 1010 cum
415 944 573 1010 omnium
596 942 852 1032 perfectionum
875 965 1015 1010 summa
1035 943 1092 1021 sit,
1114 966 1186 1011 non
1207 943 1317 1010 exsis-

161 1064 234 1127 tere
251 1059 467 1126 nullomodo
490 1080 602 1148 posse.

207 1175 291 1241 lnde
308 1158 401 1264 patet
421 1175 450 1240 si
471 1174 635 1264 quaelibet
656 1174 693 1241 in
712 1172 843 1241 mundo
858 1197 897 1241 ea
915 1179 966 1241 est
981 1196 1037 1242 res
1052 1180 1178 1242 utnon
1198 1176 1312 1243 exsis-

165 1298 252 1374 tere,
275 1291 343 1356 nisi
367 1289 503 1356 sublato
526 1291 610 1373 Deo,
640 1312 710 1356 non
731 1290 852 1378 possit,
877 1311 954 1357 eam
983 1313 1055 1356 non
1080 1289 1224 1381 physice
1253 1296 1318 1359 aut
1394 1366 1402 1375 ⁴

165 1404 399 1497 hypothetice,
431 1404 490 1472 sed
511 1406 622 1496 logice
648 1428 687 1473 ac
710 1405 949 1495 metaphysiee
979 1407 1214 1473 necessariam
1244 1406 1317 1475 dici

166 1522 301 1590 debere.
316 1522 454 1589 Etenim
472 1522 585 1588 lleum
601 1544 673 1588 non
687 1522 853 1589 exsistere
869 1520 1179 1589 contradictionem
1200 1522 1320 1612 impli-

164 1646 268 1707 oaret.
283 1640 387 1729 Ergo,
401 1642 440 1705 ut
453 1638 587 1727 quaevis
601 1639 791 1728 propositio
802 1637 1012 1727 implicaret,
1030 1638 1072 1714 si,
1087 1637 1147 1705 illa
1163 1638 1315 1724 sublata,

163 1756 302 1821 axioma
326 1754 527 1844 quodquam
550 1753 798 1821 labefactatum
825 1760 1014 1836 corrueret,
1042 1755 1090 1821 ita
1120 1761 1152 1821 et
1177 1762 1316 1822 eontra-

164 1871 269 1937 dictio
292 1871 533 1959 implicaretur
553 1870 582 1936 si
605 1891 660 1936 res
685 1891 757 1935 nou
782 1870 974 1950 exsisteret,
993 1892 1061 1958 qua
1081 1868 1219 1938 sublata
1240 1870 1317 1960 ipse

165 1987 258 2054 Deus
270 1987 343 2076 jam
360 2009 430 2053 non
446 1986 612 2052 exsistere
630 1990 756 2073 posset.

212 2101 346 2180 Quibus
372 2100 521 2188 acceptis
546 2099 738 2188 principiis,
761 2105 878 2165 utrum
905 2099 1058 2167 mundus
1079 2101 1318 2192 metaphysica

167 2223 226 2284 aut
243 2216 467 2308 hypothetice
483 2213 726 2282 tantummodo
742 2215 959 2282 necessarius
975 2239 1093 2283 annon
1109 2217 1177 2285 dici
1195 2217 1318 2286 dehet?

212 2335 337 2415 Deum,
379 2355 460 2401 cum
493 2331 651 2400 absolute
696 2332 809 2399 bonus
843 2332 900 2414 sit,
941 2331 1076 2399 bonum
1117 2333 1317 2402 absolutum

168 2473 304 2541 semper
327 2450 481 2517 voluisse
504 2448 703 2516 Leibnitius
723 2447 922 2517 arbitratur.
948 2449 1074 2517 Utrum
1097 2472 1179 2517 vero
1207 2455 1317 2517 meta-

168 2568 313 2659 physica
334 2567 540 2634 necessitate
564 2565 698 2632 bonum
726 2564 927 2632 absolutum
953 2565 1047 2631 Deus
1077 2565 1153 2631 vult
1182 2571 1319 2633 annon?

168 2685 279 2774 Negat
295 2682 501 2750 Leibnitius.
520 2682 623 2765 Nam,
641 2681 724 2770 quia
741 2680 858 2747 honus
876 2680 921 2747 sit
936 2679 1042 2762 Deus,
1060 2678 1192 2747 honum
1209 2681 1315 2765 velle;

166 2801 228 2866 sed
248 2803 282 2865 et
301 2796 396 2864 nolle
415 2797 583 2887 potuisse.
600 2795 701 2876 Quod
721 2793 821 2862 nobis
844 2793 944 2862 nullo
964 2794 1068 2862 modo
1089 2797 1317 2865 manifestum

166 2937 240 2982 esse
261 2914 411 2981 videtur.
437 2913 526 2979 Nam
548 2933 628 2978 cum
648 2915 774 2977 natura
792 2916 827 2976 et
841 2910 924 3000 quia
939 2934 979 2979 ea
999 2916 1051 2978 est
1071 2912 1146 3002 ejus
1167 2915 1319 2982 essentia

168 3030 367 3099 absolutum
388 3029 519 3096 bonum
533 3026 618 3094 velit
639 3028 746 3109 neus,
773 3049 891 3094 nonne
911 3026 987 3117 ejus
1009 3032 1161 3098 essentia
1182 3035 1319 3098 coutra-

170 3148 357 3216 dictionem
377 3144 572 3235 implicaret
591 3143 633 3221 si,
653 3165 855 3233 quanquam
878 3143 1037 3212 absolute
1059 3144 1183 3229 bonne,
1202 3153 1318 3213 tamen

170 3264 303 3331 bonum
340 3262 541 3329 absolutum
570 3260 764 3327 noluisset?
797 3258 841 3328 Ut
876 3260 1092 3350 triangulum
1126 3259 1215 3349 quod
1249 3265 1317 3325 tres

171 3378 317 3469 angulos
353 3401 425 3445 non
454 3376 593 3459 habeat,
633 3376 682 3443 sic
715 3376 830 3443 Deum
864 3376 936 3465 qui,
966 3374 1128 3467 quamvis
1159 3374 1318 3441 absolute

171 3495 284 3563 honus
315 3500 442 3561 natura
482 3494 539 3577 sit,
572 3515 646 3559 non
676 3495 794 3558 tamen
830 3490 1032 3558 absolutum
1063 3490 1149 3556 velit
1171 3491 1315 3574 honum,
1389 3508 1392 3513 ·

170 3613 287 3677 mente
317 3610 501 3696 concipere
531 3630 602 3675 non
626 3629 825 3696 possumus.
856 3605 956 3686 Quod
985 3605 1181 3674 Leibnitius
1210 3629 1319 3696 quan-

170 3747 274 3815 quam
297 3747 369 3792 non
393 3723 533 3805 fatetur,
561 3723 690 3812 saepius
711 3727 830 3789 tamen
850 3721 966 3789 verbis
989 3721 1174 3811 significat,
1195 3727 1319 3811 utputa

170 3865 250 3911 cum
279 3841 362 3908 dicit
385 3860 392 3905 :
416 3867 431 3900 «
461 3839 549 3906 Dieu
573 3861 617 3906 111
640 3839 672 3905 11
697 3842 781 3927 peut
804 3835 1030 3928 empecher...
1052 3860 1132 3904 sans
1153 3837 1264 3905 violer
1287 3838 1320 3904 la

172 3985 187 4020 «
206 3957 301 4048 regle
311 3955 357 4023 du
367 3955 541 4036 meilleur,
557 3954 665 4044 requi
677 3952 782 4020 serait
796 3951 945 4020 delenire
959 3953 994 4019 le
1009 3951 1155 4020 divinite
1161 3964 1181 4019 ¹.
1198 3954 1320 4019 »Deus

173 4074 268 4141 enim
288 4073 422 4163 aliquid
441 4094 512 4139 non
529 4070 697 4139 divinitus
719 4075 827 4158 agens
847 4067 942 4136 nulla
958 4074 1076 4136 mente
1093 4069 1168 4135 sine
1188 4072 1321 4135 eontra-

206 4255 228 4302 t.
244 4253 332 4302 Lettrc
344 4252 361 4301 ὰ
375 4248 510 4300 Erthard.
528 4248 616 4310 Geth,
632 4251 652 4298 t.
665 4247 686 4310 1,
701 4262 727 4311 p.
740 4248 785 4296 266
800 4247 888 4311 (toll).

207 4335 230 4381 2.
250 4330 345 4381 Theod.
359 4331 448 4393 Gertr,
459 4332 479 4381 t.
496 4328 541 4391 Vl,
554 4343 581 4393 p.
592 4330 647 4377 204.
