2964 4988
217 375 303 440 QUID
326 373 464 427 VALEAT
488 372 713 429 LElBNlTlANA
735 375 782 427 DE
807 369 1000 425 LlBERThTE
1025 369 1219 424 SENTENTIA
1275 368 1309 421 87
1430 404 1433 409 -

167 526 240 592 Deo
256 523 321 590 soli
332 522 551 591 voluntatem
563 546 691 615 negare
703 522 892 602 debuisset,
907 520 937 586 si
949 520 1092 610 quidem
1109 521 1204 587 solus
1218 520 1312 586 Deus

165 662 248 710 cum
272 640 368 707 solus
391 639 564 729 perlectus
585 641 642 724 sit,
660 640 779 706 omnia
800 636 904 704 habet
927 659 1005 727 quae
1024 635 1163 703 Monadi
1189 636 1314 703 voluu-

164 762 274 825 tatem
294 755 416 824 tollere
439 755 618 824 deberent.
646 755 745 837 Quod
770 776 851 822 cum
870 752 985 820 noluit
1003 752 1211 833 Leibnitius,
1236 750 1314 840 per-

167 894 287 963 peram
299 872 513 963 judicavisse
533 873 685 939 videtur.
702 861 986 960 quandoquidem
1002 874 1077 934 tum
1093 889 1218 957 parum
1233 888 1314 934 cum
1422 926 1430 939 ,

168 987 353 1079 principiis
368 987 441 1054 suis
457 986 690 1054 cohaerentem
705 985 917 1053 sententiam
932 983 1097 1071 suscepit.

208 1218 330 1308 ltaque
350 1219 423 1285 Deo
446 1218 664 1285 voluntatem
682 1217 868 1285 tribuendo
889 1238 960 1284 suae
987 1217 1061 1305 ipse
1084 1214 1313 1305 philosophiae

165 1331 380 1402 Leibnitium
423 1335 522 1423 quasi
569 1335 734 1401 evertisse
781 1331 1010 1401 fundamenta
1053 1330 1310 1398 contenderim:

164 1455 285 1539 utpote
300 1450 374 1540 qui,
392 1455 432 1517 ut
442 1450 661 1531 Aristoteles,
678 1451 794 1517 Deum
808 1447 1029 1516 intellectum
1048 1470 1177 1536 purum
1201 1446 1313 1514 dicere

165 1565 354 1634 debuisset.
374 1564 451 1647 Qua
463 1566 645 1656 repudiata
660 1566 847 1648 sententia,
865 1563 1013 1654 aliquid,
1028 1568 1132 1653 prout
1145 1563 1314 1653 temporis

155 1682 222 1748 sui
238 1681 326 1748 ratio
342 1679 555 1771 postulabat,
577 1681 777 1749 concedisse
792 1680 943 1749 videtur.

713 1993 769 2059 lv

214 2258 408 2351 Igiturnon
420 2259 728 2327 talisLeihnitiana
739 2259 780 2326 de
791 2258 948 2327 libertate
960 2260 1193 2327 sententiaest
1204 2259 1316 2348 qualis

169 2397 246 2442 esse
263 2374 440 2443 debuisset
453 2382 493 2441 ut
506 2375 609 2442 nobis
625 2374 817 2464 labyrinthi
832 2373 874 2441 de
889 2375 1097 2442 necessitate
1113 2374 1212 2441 filum
1228 2397 1315 2464 prae-

169 2489 276 2558 beret.
294 2491 364 2558 Nec
384 2490 530 2558 dubium
547 2491 646 2579 quin,
665 2512 747 2557 cum
762 2491 874 2557 nostri
889 2488 1088 2580 philosophi
1104 2488 1146 2556 de
1161 2489 1315 2557 humana

167 2605 327 2673 libertate
347 2604 474 2695 dogma
494 2629 535 2673 ex
560 2603 636 2694 ejus
658 2605 830 2672 sententia
850 2604 891 2672 de
916 2605 1034 2671 divina
1053 2605 1212 2672 libertate
1232 2627 1317 2694 pen·

170 2719 260 2802 deat‚
288 2743 412 2810 parum
435 2726 469 2788 et
493 2720 745 2811 philosophicis
769 2726 804 2787 et
825 2720 1032 2809 theologicis
1053 2719 1317 2788 difficultatibus

170 2836 481 2926 responderitque.
502 2837 544 2904 de
559 2838 601 2904 iis
616 2837 722 2904 rebus
740 2836 875 2903 moveri
895 2842 1052 2924 possunt.

213 2951 302 3020 Cum
329 2957 363 3020 et
391 2952 607 3041 periculosos
647 2952 795 3020 morales
826 2953 971 3020 effectus
1005 2974 1091 3042 quos
1121 2952 1317 3041 Spinczana

170 3069 359 3135 necessitas
374 3068 543 3158 implicat,
564 3074 599 3136 et
613 3068 742 3158 logicas
758 3066 913 3134 fallacias
929 3089 1006 3157 quae
1022 3065 1259 3135 Cartcsianam
1276 3068 1317 3135 de

166 3183 278 3251 libero
300 3182 444 3250 arbitrio
470 3184 680 3250 seutentiam
701 3188 909 3272 sequuntur,
927 3181 1036 3249 simul
1057 3187 1093 3250 et
1118 3170 1190 3250 una
1204 3183 1316 3251 vitare

168 3299 350 3381 voluisset,
381 3299 459 3366 ideo
484 3297 654 3366 moralem
681 3296 780 3365 illam
805 3298 1049 3365 necessitatem
1078 3299 1211 3366 invenit
1237 3321 1315 3388 quae

170 3414 268 3503 quasi
297 3413 455 3482 medium
488 3414 603 3482 locum
636 3415 729 3482 inter
760 3413 1036 3503 metaphysicam
1071 3415 1315 3483 necessitatem

169 3534 273 3618 atque
293 3528 443 3597 liberum
463 3530 707 3597 indifferentiae
729 3529 914 3597 arbitrium
934 3527 1080 3596 obtinet
1104 3529 1171 3597 Sed
1193 3553 1316 3620 parum

170 3643 313 3712 firmum
332 3645 559 3735 validumque
576 3645 666 3712 illud
690 3650 899 3734 conceptum
924 3655 987 3728 est,
1008 3645 1094 3713 adeo
1119 3652 1158 3713 ut
1179 3647 1319 3715 Leibni-

146 3832 150 3839 ,
171 3760 255 3843 tius,
276 3782 356 3828 cum
384 3760 419 3828 id
445 3767 577 3846 tuetur,
600 3761 678 3851 plus
703 3782 809 3852 quam
829 3759 1023 3843 Cartesius‚
1050 3760 1221 3830 libertatis
1241 3785 1319 3830 ver-

168 3875 267 3959 bum,
282 3898 354 3942 non
374 3899 449 3943 rem
469 3877 653 3945 defendere
669 3878 840 3945 videatur.

216 3992 253 4060 st
268 3993 346 4081 quis
362 3997 478 4059 autem
499 3993 595 4060 illius
612 3994 662 4060 rei
678 4017 820 4062 causam
838 3996 1042 4086 intellegere
1057 3995 1221 4077 voluerit,
1240 4017 1316 4062 eam

172 4108 209 4174 in
222 4108 298 4197 ipsa
319 4107 538 4177 leibnitiana
557 4108 751 4177 disserendi
762 4117 796 4178 et
806 4111 1005 4201 disputandi
1021 4112 1155 4178 ratione
1172 4111 1317 4178 fortasse

171 4223 339 4291 inveniet.
368 4225 458 4291 Nam
481 4247 554 4292 non
575 4230 713 4292 tantum
738 4227 821 4317 quid
844 4226 955 4316 logice
981 4248 1104 4296 verum
1127 4231 1230 4309 esset,
1255 4226 1315 4294 sed

171 4340 277 4408 etiam
296 4339 381 4430 quid
393 4362 515 4408 omnes
536 4341 737 4432 philosophi
753 4320 860 4411 simul
880 4344 1034 4434 accipere
1056 4343 1315 4455 posseptssLeih-
