2964 4988
527 387 574 442 ns
598 387 805 471 recurram
828 386 949 471 uiuus
1288 387 1322 440 29

221 535 388 604 Omnium
416 537 524 629 igitur
551 537 773 634 possibilium
802 538 902 632 quasi
924 537 1181 630 geometricum.
1201 537 1318 604 locum

175 652 335 719 divinum
356 675 432 720 esse
451 653 688 741 intellectum;
711 677 834 729 eorum
855 660 971 739 autem
991 653 1171 743 scientiam
1192 651 1318 720 habere

174 767 346 858 simplicis
361 767 652 859 intellegentiae¹;
670 792 774 860 quam
796 770 977 836 scientiam
997 791 1178 858 nunquam
1198 769 1319 858 augeri

177 882 333 967 minuive
359 907 472 974 pesse,
495 907 575 953 cum
608 887 703 953 Deus
739 885 840 979 plene
876 862 1013 979 semper
1047 885 1207 951 omnium
1240 907 1318 974 quae

175 999 341 1068 exsistere
357 1000 617 1090 possintiuerit
631 1001 848 1102 futurumque>
859 1000 909 1077 sit
919 1001 1092 1088 conscius.
1129 1030 1132 1035 ·
1191 981 1193 985 ¹

217 1464 263 1534 Ut
290 1464 482 1555 perfectum
512 1464 756 1563 intellectum„
774 1464 823 1557 sie
853 1472 887 1532 et
923 1463 1141 1545 voluntatem
1171 1487 1314 1558 prorsus

172 1579 362 1671 perfectam
389 1581 502 1647 Deum
532 1579 659 1673 trahere
683 1579 879 1647 Leibnitius
903 1586 1096 1667 asseverat3
1123 1579 1216 1673 quod
1241 1603 1316 1648 esse

171 1699 407 1775 necessarium
420 1702 524 1787 patet.
537 1696 632 1774 ,Nam
649 1702 681 1763 et
695 1696 883 1787 perfectam
897 1718 972 1777 esse
985 1719 1086 1786 posse
1099 1697 1317 1775 voluntatem

173 1833 253 1879 cum
268 1810 311 1879 ad
330 1811 463 1881 bonum
481 1812 672 1903 perfectum
688 1813 775 1901 ferri
782 1813 917 1912 :pclssitt
929 1817 964 1908 et
981 1788 1109 1908 Deum,
1120 1813 1156 1896 Asi
1172 1812 1316 1911 omnino

172 1928 343 2016 perfectus
364 1927 408 1995 sit
432 1933 541 2019 atque,
557 1929 772 2025 voluntatem
796 1928 933 2019 habeat,
953 1928 1144 2013 admodum
1167 1929 1317 2020 perfecta

171 2043 240 2110 frui
255 2043 434 2111 voluntate
451 2044 675 2137 statuendum
691 2050 754 2126 est.
834 2021 838 2028 ,
1060 2021 1063 2025 ‚

215 2160 279 2225 His
296 2165 414 2227 autem
439 2161 542 2228 rebus
564 2161 699 2250 positiS,
724 2159 1173 2260 du⁰8.,d,iti11aey01untati§
1193 2167 1315 2245 statim,

171 2274 320 2343 alterum
334 2275 525 2344 voluntatis
541 2305 557 2339 «
575 2257 813 2344 antecedentis
833 2304 847 2337 >r
863 2252 925 2344 seu
943 2306 959 2340 α
970 2252 1148 2365 ρνωνίὠ»,
1167 2275 1316 2344 alterum

172 2391 363 2459 voluntatis
387 2420 400 2454 a
425 2393 706 2485 consequentis»
729 2414 791 2460 seu
813 2418 829 2453 «
852 2392 963 2459 finalis
987 2420 1002 2455 »
1023 2392 1218 2489 Leibnitius
1238 2414 1316 2485 ¹esse

59 2606 63 2613 .
169 2509 380 2576 contendit¹.

215 2624 303 2693 Cum
326 2626 421 2692 enim
445 2626 598 2714 perfecta
623 2625 743 2693 divina
765 2625 929 2696 voluntas
952 2626 1008 2709 sit,
1026 2648 1097 2710 sua
1125 2631 1250 2692 natura
1272 2624 1315 2703 ad

170 2743 301 2811 bonum
322 2742 523 2811 absolutum
542 2742 634 2842 ferri,
654 2743 773 2810 omnia
793 2741 900 2835 igitur
915 2765 992 2844 quae
1007 2741 1062 2829 vel
1078 2740 1317 2831 metaphysica

170 2860 226 2928 vel
239 2859 383 2950 physica
395 2858 451 2927 vel
466 2858 615 2959 meraiia
628 2854 720 2929 bena
731 2858 1030 2957 sint'voluntatem
1044 2857 1200 2926 divinam
1211 2857 1312 2953 velle.

171 2976 284 3057 Quem
319 2975 510 3071 voluntatis
547 2981 721 3074 statum«
753 2954 972 3077 voluntatem
994 2973 1313 3075 antecedentem»

169 3091 254 3160 dicit
273 3091 482 3160 Leibnitius.
504 3091 597 3159 Illud
613 3096 729 3159 autem
745 3090 940 3159 notandum
953 3097 1006 3171 cst
1020 3090 1124 3193 quea,
1145 3112 1225 3157 cum
1240 3089 1315 3181 ipse

169 3209 264 3277 Deus
288 3231 368 3277 cum
398 3206 556 3275 absoluto
585 3207 677 3275 bono
701 3184 948 3289 confundatur,
975 3214 1085 3273 semet
1109 3207 1226 3295 ipsum
1253 3228 1316 3272 sua

169 3324 389 3393 antecedenti
404 3324 584 3391 voluntate
604 3323 749 3390 omnino
766 3322 860 3391 velit.
879 3324 925 3389 At
940 3328 1050 3389 semet
1065 3323 1182 3412 ipsum
1202 3322 1314 3388 Deum

169 3443 298 3510 iterum
318 3463 433 3509 creare
451 3463 524 3508 ncn
545 3459 670 3529 posse:
693 3440 819 3523 Deum,
842 3438 991 3506 alterum
1011 3439 1124 3506 Deum
1142 3461 1162 3504 a
1182 3459 1218 3505 se
1238 3437 1313 3527 ipsc

168 3564 270 3648 atque
290 3557 345 3625 sui
365 3556 476 3646 ipsius
496 3555 719 3624 consimilem
738 3559 966 3645 generantem
983 3576 1054 3623 nun
1073 3553 1144 3621 nisi
1165 3552 1313 3623 absurde

168 3675 317 3764 concipi.
341 3674 432 3764 Ergo
452 3674 567 3740 Deum
591 3670 638 3754 id,
661 3670 753 3761 qucd
772 3671 1010 3739 antecedentis
1030 3693 1102 3739 suae
1120 3669 1312 3740 voluntatis

166 3812 290 3858 verum
306 3788 483 3880 objectum
498 3789 555 3871 sit,
573 3788 719 3855 omnino
736 3787 872 3856 efficere
887 3810 960 3856 non
975 3809 1086 3877 posse.

210 3905 303 3974 Inde.
315 3905 465 3973 alterum
484 3905 589 3972 illum
607 3903 798 3972 voluntatis
819 3909 948 3971 statum
968 3924 1074 3992 quem
1094 3901 1316 3969 voluntatem.

166 4028 439 4112 consequentem
449 4020 645 4089 Leibnitius
661 4018 756 4087 dicit.
770 4019 857 4087 Cum
867 4019 1087 4100 universum,
1100 4039 1171 4084 non
1182 4017 1308 4100 Deum,

166 4138 261 4206 Deus
292 4144 431 4206 tentum
469 4158 590 4231 creare*
608 4136 741 4226 possit,
776 4135 1019 4225 imperfectum
1056 4133 1142 4202 velit
1178 4131 1311 4224 aliquid

199 4321 221 4367 t.
239 4317 326 4369 Causa
339 4317 388 4366 Dei
401 4319 515 4366 asserta.
529 4314 618 4375 Germ,
633 4315 652 4363 t.
669 4313 711 4374 Vl,
725 4328 752 4377 p.
768 4313 822 4362 4⁴0.

198 4402 222 4448 2.
239 4398 315 4461 ibid„
331 4413 357 4463 p.
372 4399 427 4447 ⁴42.
