2964 4988
387 366 431 419 DE
451 365 600 420 Hubert
618 365 811 429 DIVlNAQllE
834 366 1026 422 cluuurxru
1248 366 1290 418 53.

137 538 240 583 omne
266 539 391 606 corpus
422 521 605 583 extensum
629 516 835 583 Monadibus
862 517 898 582 in
923 518 1143 606 perceptione
1172 515 1281 606 pluri-

137 631 201 697 bus
232 631 430 721 respondet,
459 654 587 721 casque
617 632 654 697 in
684 632 887 720 percipienti
918 631 1063 698 Monede
1092 632 1279 721 exprimit:

138 769 230 836 erge,
266 769 489 837 nequaquem
528 753 618 814 esset
647 747 715 812 nisi
752 748 1013 837 perciperetur;
1050 751 1166 814 essent
1200 769 1281 813 vero

138 863 301 930 Monades
326 862 454 951 quibus
482 863 699 951 respondeat.
728 863 847 951 ltaque
872 864 932 952 qui
957 869 1074 929 motus
1100 864 1135 929 in
1161 885 1283 950 corpo-

138 979 235 1045 ribus
257 979 356 1061 fiunt,
374 1001 445 1045 non
462 981 533 1045 veri
557 979 803 1046 exsistentium
831 983 947 1045 motus
971 1001 1088 1046 rerum
1111 984 1205 1060 sunt,
1224 978 1283 1044 sed

139 1095 189 1161 eis
205 1094 447 1161 tantummodo
464 1094 674 1184 respondent
690 1117 818 1184 eosque
834 1094 1045 1184 exprimunt.

185 1209 222 1277 Si
238 1209 315 1302 quis
332 1231 413 1298 ergo
426 1233 488 1277 cur
503 1209 587 1277 fiant
603 1233 679 1300 quae
699 1211 735 1276 iu
754 1210 957 1298 corporibus
977 1209 1066 1276 fiunt
1082 1210 1285 1298 intellegere

141 1325 418 1415 universalisque
465 1325 696 1396 mechanismi
747 1349 846 1394 veras
893 1326 1046 1392 rationes
1091 1326 1286 1415 perspicere

143 1441 302 1524 voluerit,
322 1463 402 1508 eum
419 1443 619 1521 examinare
636 1446 863 1530 oportetque
880 1442 951 1507 sint
965 1463 1052 1508 verce
1069 1440 1284 1526 substantiae,

141 1556 316 1647 quomodo
339 1556 408 1624 illae
434 1556 550 1648 agent,
578 1561 612 1623 et
639 1579 746 1647 quare
768 1545 908 1624 demum
930 1561 1036 1647 agant
1055 1558 1144 1625 sicut
1166 1580 1288 1626 revera

138 1677 260 1762 agunt.
854 1745 857 1751 ,

184 1789 287 1857 Vires
303 1795 420 1856 autem
436 1811 512 1876 quoe
529 1789 600 1855 sint
619 1794 651 1855 et
668 1788 981 1878 pbaenomenorum
996 1812 1072 1878 quoe
1088 1790 1123 1856 in
1139 1791 1288 1857 materie

141 1904 329 1972 fiuntverae
345 1905 551 1989 1111111111,
569 1905 660 1971 nihil
677 1905 772 1971 aliud
796 1927 899 1994 quam
915 1905 1079 1972 Monades
1095 1905 1284 1995 simplices,

140 2022 213 2088 sive
232 2019 454 2088 Entelechics
475 2021 605 2111 primas
624 2019 822 2088 Leibnitius
843 2043 918 2088 esse
939 2022 1124 2088 existimet.
1144 2050 1159 2083 «
1182 2021 1287 2090 Vires

140 2165 156 2198 «
184 2137 392 2224 primitivas,
410 2136 536 2224 inquit,
550 2136 638 2202 nibil
656 2136 751 2203 eliud
765 2159 839 2203 esse
852 2159 953 2226 posse
969 2122 1075 2226 quam
1090 2137 1287 2206 tendentias

141 2280 157 2314 «
185 2253 340 2319 internas
369 2253 641 2319 substantiarum
674 2253 903 2342 simplicium,
927 2234 1053 2342 quibus
1087 2260 1179 2322 certe
1212 2275 1284 2319 suae

141 2396 157 2429 «
183 2375 316 2434 naturae
329 2367 456 2455 legede
467 2369 686 2457 perceptione
707 2371 744 2435 iu
758 2370 1018 2457 perceptionem
1035 2376 1247 2437 transeunt¹.
1266 2397 1281 2430 »

140 2482 226 2564 Quae
253 2482 415 2549 llonndes
437 2511 452 2545 ι(
474 2505 544 2549 non
572 2491 685 2572 partes
711 2484 873 2550 suntsed
899 2484 1127 2552 fundamenta
1144 2485 1286 2574 phaeno-

139 2600 400 2701 menorumlvu.
434 2599 522 2666 Nam
544 2599 623 2665 illus
651 2605 685 2666 et
713 2622 943 2689 quercumque
971 2601 1008 2666 in
1034 2601 1084 2668 eis
1109 2601 1286 2669 vicissitu-

25 2722 35 2738 '
139 2717 237 2785 dines
267 2722 349 2784 suut
379 2703 650 2806 phoenomenum
680 2717 842 2805 quodque
872 2716 1047 2804 exprimit,
1078 2723 1117 2783 ut
1145 2740 1185 2783 ex
1215 2717 1285 2783 illis

138 2833 281 2900 resultet
337 2816 491 2922 eisque'
519 2832 736 2921 respoudeat.
796 2816 1116 2900 Phaeuomenorum
1177 2835 1285 2924 igitur

138 2949 314 3016 actionum
334 2930 447 3038 legem
464 2971 505 3015 cx
523 2950 697 3016 unitatum
708 2948 782 3038 lege
799 2948 1083 3016 substantialium
1098 2972 1163 3016 nos
1178 2949 1295 3017 dedu·

138 3087 259 3132 camus
277 3070 422 3152 oportet.
1177 3050 1180 3053 ’

182 3179 318 3262 Quibus
341 3180 521 3270 principiis
545 3181 707 3269 acceptis,
740 3181 914 3270 quomodo
943 3180 1139 3248 Leibnitius
1166 3181 1284 3249 omnia

137 3320 212 3386 quoe
226 3298 262 3363 iu
278 3296 410 3363 mundo
422 3296 586 3364 lientnon
599 3295 708 3364 libere
721 3296 795 3363 fieri
808 3295 922 3364 dicere
934 3297 1130 3386 poterit‘tSi
1144 3296 1285 3386 phoeno-

136 3414 230 3479 meni
242 3411 413 3503 cujusque
425 3413 545 3480 Mones
561 3412 719 3502 quaedam
735 3411 790 3480 vel
805 3398 975 3480 Moucdes'
987 3413 1189 3480 exsistentes
1205 3413 1284 3478 fun-

136 3530 298 3596 damenta
314 3535 394 3597 sunt
410 3535 513 3619 atque
534 3529 704 3619 cujusque
720 3529 757 3595 in
773 3528 1015 3618 pbaenomeuis
1031 3528 1178 3597 actionis
1194 3528 1283 3597 actio

133 3645 292 3736 quaedem
317 3647 354 3712 in
383 3646 592 3736 quibusdum
617 3647 737 3714 effecta
759 3644 966 3714 Monadibus
985 3647 1082 3737 origo
1103 3653 1166 3724 est,
1185 3644 1283 3735 quid·

133 3761 218 3852 quid
254 3762 290 3828 in
330 3762 502 3829 materiali
544 3762 675 3830 mundo
720 3761 924 3830 mechanioe
961 3762 998 3827 fit
1037 3760 1281 3850 explicandum

133 3900 208 3944 esse
225 3877 362 3944 videtur
378 3878 461 3967 quie
475 3879 634 3968 quaedam
653 3879 689 3945 in
707 3868 914 3945 Moncdibus
930 3877 1137 3944 efficiuntur.
1156 3876 1281 3944 Utrum

134 3998 252 4059 eutem
268 3991 451 4058 Monadem
467 4015 641 4082 quumque
660 3993 806 4060 liberem
826 4015 901 4059 esse
920 4014 1038 4058 onnon
1054 3991 1167 4057 dicere
1184 3988 1280 4056 Leib-

133 4109 243 4176 nitius
258 4107 417 4174 debebit?
429 4107 548 4175 Primo
566 4108 686 4174 Mones
702 4130 846 4197 querque
864 4130 943 4174 cum
958 4111 1081 4195 sponte
1098 4106 1134 4170 in
1151 4126 1191 4171 11
1205 4128 1282 4195 per-

164 4287 186 4335 1.
204 4286 278 4335 Gerr.
295 4300 357 4334 avec
372 4286 405 4332 ‹lc
424 4283 525 4333 Volder.
541 4285 630 4344 Gerb„
647 4288 666 4334 t.
681 4285 713 4333 ll.
731 4299 755 4349 p.
772 4286 817 4332 2Ἰῦ
832 4285 921 4346 11111).

168 4369 189 4417 2.
209 4365 283 4427 rein,
299 4382 324 4432 p.
341 4368 386 4415 268
399 4365 490 4427 (11111).
