2964 4988
201 369 233 420 56
468 367 513 420 DE
538 365 731 421 LroEflTATE
755 367 849 420 APUD
876 365 1078 418 LElBNlTlL'M

202 545 217 578 α
244 516 285 583 de
301 515 438 583 liberte¹
454 544 483 581 ».
503 516 617 605 Atque
631 516 699 583 alio
720 516 803 599 loco,
818 515 858 583 de
875 516 991 582 anima
1006 514 1189 581 brutorum
1207 513 1344 581 locutus

199 654 304 721 quam
328 653 550 721 nequaquam
571 653 645 698 esse
670 631 841 721 Spiritum
869 630 979 699 dicit:
1004 659 1018 691 α
1046 630 1110 696 Car
1131 629 1343 719 quoiqu’elle

201 776 217 809 «
244 748 292 814 ait
307 747 353 814 du
367 749 568 830 sentiment,
586 746 653 815 elle
669 747 725 814 n’a
745 770 806 837 pas
823 745 1086 814 l’entendement
1097 747 1156 835 qui
1173 745 1344 813 renferme

201 892 217 925 «
244 863 277 930 la
292 863 541 931 connaissance
561 862 620 930 des
641 864 788 930 raisons.
808 853 851 930 Et
866 862 949 929 c’est
969 884 1058 951 pour
1075 861 1149 930 cela
1165 863 1259 928 aussi
1278 884 1345 950 que

199 978 294 1051 «les
323 978 418 1045 betes
445 978 543 1045 n'ont
572 979 669 1067 point
700 979 741 1045 de
768 978 909 1046 liberte²
939 1005 968 1045 ».
1000 978 1113 1058 Quam
1142 976 1344 1067 opinionem

200 1092 305 1161 etiam
326 1100 429 1183 atque
453 1095 557 1161 etiarn
582 1095 705 1160 statuit
725 1117 806 1160 cum
828 1093 861 1160 id
879 1100 1015 1161 tanturn
1037 1093 1189 1160 liberum
1206 1114 1280 1159 esse
1302 1093 1361 1178 ad¹

199 1209 426 1299 Conringiurn
444 1209 563 1277 scribit
584 1210 676 1299 quod
693 1223 770 1300 post
784 1209 1065 1276 deliberationem
1077 1207 1240 1276 decernat
1261 1207 1345 1296 quid

198 1324 265 1393 sibi
286 1324 485 1391 faciendum
508 1325 563 1393 sit.

241 1439 376 1521 Quibus
406 1439 508 1507 rebus
538 1441 672 1530 positiS,
702 1463 806 1530 quare
837 1440 1033 1508 Leibnitius
1064 1440 1261 1528 Spirituum
1286 1438 1343 1505 de-

198 1555 457 1638 creta‘libera,
493 1556 640 1624 aliarum
682 1581 760 1624 vero
797 1557 985 1624 Mouadum
1022 1579 1093 1624 non
1126 1555 1237 1623 libera
1269 1577 1344 1622 esse

199 1679 373 1740 asseveret
393 1672 476 1739 satis
498 1672 722 1762 intellegitur.

244 1786 393 1855 Multum
422 1788 515 1855 enirn
537 1789 627 1856 inter
650 1789 834 1857 brutorum
856 1788 1205 1878 intellegentiumque
1226 1787 1345 1853 Mona-

202 1903 287 1970 dum
303 1904 456 1971 actiones
476 1905 632 1972 interest.

242 2008 394 2103 Etenim,
425 2020 550 2108 primo,
587 2043 814 2110 quaecumque
847 2020 1028 2087 intellectu
1062 2021 1197 2110 privata
1225 2020 1345 2086 Mones

200 2137 284 2226 agit,
301 2156 415 2224 neque
431 2134 610 2220 deliberat,
628 2159 693 2203 nec
710 2137 800 2204 inter
815 2137 962 2204 consilia
978 2136 1093 2227 seligit
1110 2136 1246 2204 diversa
1267 2158 1345 2225 quae

203 2251 280 2340 capi
315 2256 473 2340 possunt,
499 2252 558 2318 sed
582 2252 685 2320 rebus
707 2253 851 2320 confuse
876 2254 1045 2343 perceptis
1071 2275 1192 2320 revera
1220 2253 1346 2340 impel-

201 2368 295 2434 litur.
332 2368 410 2435 Non
447 2367 651 2436 mechanica
689 2376 821 2453 tamen,
860 2370 918 2436 sed
962 2375 1153 2459 spontanea
1191 2368 1266 2458 ejus
1303 2368 1346 2435 ad

201 2482 377 2572 agendum
392 2484 574 2550 inclinatio
591 2507 633 2551 ex
652 2508 722 2574 qua
738 2486 828 2553 actio
843 2486 891 2552 lit.
912 2485 979 2552 Sed
1001 2507 1081 2552 curn
1097 2507 1210 2573 neque
1228 2506 1346 2551 rerum

200 2599 526 2682 determinantium,
555 2623 619 2668 nec
648 2602 702 2668 sui
727 2603 853 2692 ipsius,
885 2600 969 2669 dum
998 2607 1106 2667 semet
1131 2601 1207 2690 ipsa
1234 2599 1347 2667 deter-

200 2714 323 2798 minat,
341 2714 437 2782 illius
458 2716 597 2805 generis
618 2717 738 2782 Monas
759 2717 893 2806 quaevis
918 2716 1058 2783 conscia
1073 2716 1128 2799 sit,
1155 2738 1244 2783 caeca
1266 2737 1346 2782 vere

202 2834 253 2896 est
282 2834 386 2918 atque
415 2836 608 2918 spontaneo
638 2838 741 2921 atque
768 2832 1019 2920 inintelligenti
1047 2832 1180 2921 impetu
1210 2854 1286 2912 suo,
1314 2837 1348 2896 et

200 2951 381 3012 momenta
402 2945 445 3013 ad
472 2946 644 3036 agendum
673 2948 818 3037 percipit
841 2955 873 3014 et
898 2948 1072 3038 appetitus
1098 2949 1225 3015 format
1251 2970 1343 3014 suos.

200 3060 302 3150 Ergo,
326 3062 493 3150 quoniam
513 3084 620 3152 quare
646 3063 710 3129 boe
736 3070 796 3130 aut
826 3063 912 3131 illud
936 3064 1041 3131 faciat
1065 3088 1135 3131 non
1162 3063 1344 3146 intellegit,

200 3176 333 3266 aliquid
355 3177 448 3245 bruti
469 3177 544 3268 ejus
568 3180 657 3247 actio
678 3179 845 3268 implicat.
866 3181 983 3247 Monas
1003 3186 1118 3246 autem
1141 3179 1195 3246 cui
1216 3174 1346 3263 aliquid

201 3292 469 3378 sitintelleetus,
492 3317 571 3361 curn
585 3318 662 3385 quae
678 3295 750 3363 sint
764 3296 805 3363 ad
821 3296 995 3385 agendum
1015 3295 1164 3361 rationes
1184 3291 1345 3356 distincte

201 3409 371 3496 percipiat
390 3415 494 3500 atque
515 3411 606 3479 inter
622 3434 679 3479 eas
695 3412 867 3479 delectum
885 3411 1021 3493 babeat,
1040 3415 1072 3476 et
1088 3430 1165 3497 quae
1182 3406 1297 3491 faciat,
1313 3415 1346 3474 et

201 3545 319 3590 curra
337 3523 439 3592 faciat
452 3528 633 3616 perspicue
653 3529 766 3611 novit;
789 3526 1022 3617 ergo‚nedu1n
1041 3526 1116 3591 sine
1133 3524 1347 3592 conscientia

202 3644 235 3706 et
251 3640 348 3727 quasi
370 3639 528 3729 obligatis
545 3643 655 3709 oculis
671 3666 707 3710 se
730 3644 817 3710 ferat
839 3643 881 3708 ad
900 3640 1088 3731 agendum,
1109 3646 1144 3706 at
1172 3646 1292 3708 contra
1315 3647 1346 3707 et

202 3754 331 3821 decreti
353 3756 407 3821 sui
437 3756 574 3823 conscia
594 3762 656 3840 cst,
688 3764 721 3824 et
745 3757 871 3846 quibus
899 3757 964 3823 hoc
984 3756 1162 3824 decretum
1184 3757 1349 3823 fulciatur

201 3870 396 3938 rationibus
412 3880 632 3961 compertum
648 3872 763 3940 babet.

246 3987 404 4055 Fortasse
445 3989 563 4072 etiarn,
604 3989 789 4078 explanata
827 3989 1086 4078 interpretando
1121 3995 1224 4077 atque
1258 3989 1349 4055 ultra

95 4190 100 4197 ι
202 4125 306 4191 quam
334 4104 407 4192 ipse
425 4106 592 4193 expressit
613 4104 762 4172 deducta
785 4105 950 4172 Leibnitii
980 4106 1166 4187 sententia,
1190 4103 1347 4170 altiorem

233 4283 255 4328 l.
275 4278 371 4329 Tbcod.
386 4281 474 4341 (terh,
490 4286 509 4332 t.
522 4283 565 4343 Vl,
580 4297 604 4346 p.
620 4286 673 4332 ter.

232 4360 254 4409 2.
274 4357 376 4409 Observ.
387 4375 435 4412 cur
451 4360 563 4410 l'article
577 4365 609 4413 de
627 4363 708 4426 capre
724 4365 882 4428 (llororiusl.
900 4365 989 4424 Gerb,
1006 4367 1024 4414 t.
1038 4365 1080 4424 lV,
1099 4379 1123 4427 p.
1138 4365 1191 4412 527.
