2964 4988
526 390 572 443 DE
598 389 804 444 VOLUNTATE
828 388 951 443 DIVINA
1290 392 1321 443 31

174 536 299 604 inertia
311 538 460 627 jaceant,
475 539 547 628 sed,
564 562 644 606 cum
660 539 697 604 in
713 541 763 605 eis
780 540 832 605 vis
847 539 1006 628 quaedam
1022 541 1078 619 sit,
1094 538 1136 606 ad
1154 541 1322 606 exsisten-

172 653 255 719 tiam
282 654 439 720 tendant.
462 682 478 715 «
502 657 699 743 Agnoscere
720 654 901 737 debemus,
921 656 1038 744 inquit
1053 654 1262 739 Leibnitius,
1282 678 1321 722 eo

172 795 187 828 «
216 769 291 857 ipso
308 769 399 858 quod
413 769 546 858 aliquid
566 770 683 859 potius
700 771 842 837 exsistat
860 792 964 859 quam
981 770 1082 853 nihil,
1106 770 1261 860 aliquam
1283 773 1320 839 in

172 912 187 944 «
215 883 319 952 rebus
340 884 574 976 possibilibus,
597 908 658 952 seu
684 886 719 951 in
744 886 819 974 ipsa
841 885 1070 975 possibilitate
1092 886 1145 953 vel
1170 887 1321 962 essentia

86 1061 88 1066 ,
173 1029 188 1061 «
216 1023 290 1068 esse
303 1001 515 1090 exigentiam
531 1001 756 1082 exsistentiae,
772 1002 826 1068 vel
843 1006 894 1086 (ut
906 1003 954 1068 sic
971 1002 1100 1090 dicam)
1117 1003 1320 1092 praetensio-

172 1145 186 1176 «
215 1138 296 1182 nem
312 1115 354 1183 ad
370 1116 620 1199 exsistendum,
640 1123 684 1200 ct,
703 1122 742 1183 ut
757 1115 860 1184 verbo
875 1117 1099 1205 complectar,
1114 1119 1316 1198 essentiam,

171 1259 186 1292 «
205 1255 273 1321 per
301 1255 346 1313 se,
376 1230 519 1299 tendere
540 1231 587 1300 ad
617 1232 869 1299 exsistentiam.
899 1231 999 1301 Unde
1019 1255 1122 1322 porro
1146 1234 1315 1323 sequitur,

170 1375 185 1408 «
214 1349 333 1414 omnia
345 1347 525 1437 possibilia
540 1370 602 1416 seu
619 1347 821 1429 essentiam,
837 1349 894 1415 vel
906 1347 1096 1415 realitatem
1114 1349 1318 1437 possibilem

171 1461 444 1552 «exprimentia
459 1464 533 1554 pari
546 1463 625 1554 jure
644 1462 686 1530 ad
702 1464 942 1531 exsistentiam
958 1464 1113 1546 tendere,
1131 1487 1192 1554 pro
1209 1488 1319 1554 quan-

169 1606 185 1641 «
212 1581 310 1647 titate
331 1580 503 1663 essentiae,
521 1602 582 1647 seu
600 1579 780 1662 realitatis,
798 1579 854 1647 vel
874 1602 934 1669 pro
957 1579 1069 1668 gradu
1092 1581 1317 1669 perfectionis

169 1724 184 1757 «
213 1718 317 1786 quem
337 1696 539 1778 involvunt3
563 1700 616 1762 est
645 1696 740 1763 enim
771 1695 936 1782 perfectio
966 1695 1056 1761 nihil
1087 1696 1182 1763 aliud
1211 1719 1317 1786 quam

169 1838 185 1873 «
213 1812 373 1880 essentiae
399 1811 608 1901 quantitas¹.
642 1839 658 1873 »
684 1809 797 1892 Quod,
827 1811 896 1877 alio
919 1811 1008 1893 loco,
1037 1810 1234 1878 Leibnitius
1266 1814 1317 1880 sic

167 1926 405 1995 demonstrare
430 1933 585 1994 conatur.
615 1956 631 1989 «
658 1928 753 1994 Haec
776 1927 966 2017 propositio
989 1948 996 1993 :
1020 1949 1124 1994 omne
1149 1928 1316 2017 possibile
1397 1979 1405 1985 .
1471 1974 1473 1981 -

168 2070 183 2105 «
212 2044 318 2134 exigit
334 2043 510 2126 exsistere,
529 2043 665 2133 probari
679 2047 791 2132 potest
806 2066 825 2109 a
840 2043 1036 2132 posteriori,
1055 2043 1168 2133 posito
1182 2042 1316 2133 aliquid

170 2187 185 2221 «
212 2159 563 2241 exsistere3nam,vel
577 2159 933 2233 omniaexsistuntet
944 2164 1139 2228 tuncomne
1151 2159 1316 2250 possibile

168 2304 184 2338 «
210 2274 295 2342 adeo
307 2275 420 2364 exiget
429 2274 593 2341 exsistere
605 2282 643 2342 ut
651 2276 806 2355 exsistat,
819 2274 873 2341 vel
883 2275 1042 2365 quaedam
1050 2276 1316 2361 nonexsistunt,

168 2419 184 2452 «
211 2395 296 2458 tunc
320 2390 408 2457 ratio
431 2389 527 2456 reddi
550 2388 651 2457 dehet
677 2412 739 2457 cur
759 2389 918 2479 quaedam
944 2413 1014 2480 prae
1033 2391 1112 2458 aliis
1133 2391 1314 2457 exsistant.

169 2534 185 2567 «
211 2507 293 2573 Haec
318 2511 434 2572 antem
464 2505 565 2572 aliter
589 2504 687 2572 reddi
713 2528 785 2571 non
812 2511 925 2593 potest
953 2528 1058 2594 quam
1088 2529 1130 2572 ex
1162 2506 1316 2595 generali

169 2650 185 2684 «
212 2621 370 2689 essentiae
386 2643 447 2688 seu
460 2619 702 2712 possibilitatis
718 2621 863 2703 ratione,
874 2621 985 2710 posito
997 2620 1162 2710 possibile
1179 2622 1317 2710 exigere

171 2766 185 2799 «
210 2761 273 2804 ruo
288 2751 415 2805 notrrro
431 2736 684 2822 exsistentiam,
703 2742 736 2804 et
751 2734 893 2827 quidem
910 2759 972 2826 pro
988 2738 1122 2804 ratione
1138 2737 1315 2826 possibili-

168 2881 183 2914 «
211 2854 303 2937 tatis,
322 2876 383 2921 seu
396 2877 458 2943 pro
472 2855 633 2921 essentiae
648 2852 769 2944 gradu.
788 2852 864 2919 Nisi
873 2852 910 2918 in
927 2853 1001 2941 ipsa
1017 2853 1178 2920 essentiae
1191 2857 1316 2920 natura

167 2996 183 3028 «
211 2973 303 3035 esset
315 2967 473 3057 quaedam
484 2969 527 3036 ad
543 2968 783 3037 exsistendum
798 2969 995 3050 inclinatio,
1009 2968 1098 3035 nihil
1110 2970 1313 3053 exsisteret;

168 3112 184 3146 «
209 3082 1161 3172 nam,dicerequasdamessentiashancinclinationem
1173 3083 1312 3167 habere,

165 3228 181 3261 «
209 3200 376 3289 quasdam
393 3221 465 3266 non
482 3198 609 3267 hahere
625 3205 676 3266 est
692 3200 805 3267 dicere
821 3198 954 3289 aliquid
976 3201 1052 3267 sine
1068 3201 1217 3284 ratione,
1235 3221 1315 3266 cum
1369 3212 1372 3218 '

164 3345 179 3378 «
206 3315 417 3406 generaliter
431 3314 592 3382 videatur
607 3315 809 3382 exsistentia
829 3314 951 3381 referri
969 3315 1012 3382 ad
1033 3338 1174 3383 omnem
1199 3336 1315 3382 essen-

167 3460 182 3493 «
209 3433 293 3498 tiam
319 3431 441 3499 eodem
463 3431 596 3499 mod0¹.
620 3458 636 3492 n
658 3431 703 3501 Ut
723 3429 831 3522 igitur
850 3430 915 3497 Dei
931 3432 1083 3499 essentia
1106 3439 1228 3522 sponte
1252 3457 1315 3501 sna

164 3547 207 3616 ad
222 3549 463 3615 exsistentiam
485 3548 644 3630 inclinat,
662 3553 764 3636 atque
785 3569 867 3614 cum
887 3546 976 3613 nihil
997 3547 1176 3638 impediat,
1196 3572 1315 3617 neces-

164 3663 254 3730 sario
269 3664 364 3730 Deus
380 3663 527 3746 exsistit,
552 3663 601 3731 sic
624 3690 639 3725 «
658 3661 726 3730 dici
742 3667 856 3750 potest
875 3684 978 3730 omne
995 3663 1160 3752 possibile
1176 3667 1314 3733 exsisti-

164 3807 180 3840 «
206 3779 316 3846 turice
346 3785 446 3866 prout
467 3779 600 3847 scilicet
628 3777 796 3846 fundatur
823 3779 860 3844 in
885 3779 972 3847 Ente
1000 3782 1199 3847 necessario
1233 3789 1311 3851 actu

166 3923 181 3957 «
208 3895 411 3977 exsistente,
433 3895 507 3961 sine
535 3918 604 3984 quo
629 3894 729 3962 nulla
755 3901 805 3961 est
832 3894 886 3960 via
914 3918 981 3984 qua
1010 3896 1174 3984 possibile
1194 3919 1312 3987 perve-

165 4038 180 4070 «
207 4009 298 4076 niret
315 4009 358 4077 ad
374 4016 511 4078 actum·
532 4038 563 4077 ».

195 4227 216 4274 l.
233 4225 270 4273 De
282 4239 373 4273 rerum
387 4225 455 4286 orig.
472 4222 599 4273 radicati.
616 4223 705 4284 Gerh,
721 4227 740 4273 t.
756 4224 926 4286 V11,p.303.

192 4307 207 4353 2
233 4304 324 4365 Geth,
341 4308 360 4353 t.
377 4304 546 4368 vl1,p.194.

192 4387 216 4435 3.
232 4384 309 4446 thid,
324 4387 343 4435 t.
357 4385 413 4444 Vll,
427 4399 453 4449 p.
467 4385 522 4435 289.
