2964 4988
488 395 533 448 DE
554 393 761 449 VOLUNTATE
782 393 932 448 HUMANA
1265 395 1281 448 9

138 545 350 632 quicumque
377 550 467 634 agat,
489 545 622 611 ratione
647 544 797 633 quadam
817 544 1010 634 impulsum
1039 567 1150 635 agere.
1171 545 1283 612 Parva

137 665 256 725 autem
281 681 367 742 esse,
391 667 493 749 atque
523 661 560 727 in
585 660 701 751 parvis
731 659 832 726 rebus
858 659 1005 727 obseura
1034 661 1077 728 ad
1104 659 1279 751 agendum

83 840 86 850 ,
139 781 329 843 momenta.
355 774 440 843 Inde
469 775 571 844 illum
598 798 738 843 manare
768 798 920 842 errorem
947 775 1040 866 quod
1070 776 1188 862 libere,
1212 799 1283 843 non

139 889 368 959 determinate
384 891 445 959 illa
461 891 721 981 faciamusque
733 891 868 959 nullius
883 892 953 959 sint
965 891 1140 982 ponderis.
1155 893 1281 983 Atque,

138 1009 177 1072 ut
194 1005 309 1095 ipsum
330 1016 508 1074 auctorem
524 1014 648 1075 testem
664 1007 872 1075 adhibeam:
891 1035 907 1070 «
928 1007 957 1074 Il
976 1031 998 1098 y
1016 1032 1100 1076 aura
1126 1006 1283 1097 loujours

139 1148 155 1183 «
178 1119 259 1188 bien
282 1120 342 1189 des
363 1121 486 1190 choses
502 1123 586 1190 dans
607 1122 697 1190 l'ane
718 1128 751 1190 et
771 1121 854 1189 hors
870 1122 912 1190 de
933 1123 1035 1207 l’dne,
1052 1123 1284 1214 quoiqu’elles

140 1265 157 1299 «
177 1259 221 1305 ne
242 1239 436 1327 paruissent
455 1262 528 1328 pas,
551 1240 611 1328 qui
633 1238 665 1306 le
687 1237 962 1307 determineront
976 1245 996 1306 it
1009 1239 1096 1306 aller
1110 1238 1193 1306 d’un
1209 1244 1285 1307 cote

141 1379 157 1414 «
178 1353 590 1443 plutotquedel'autre¹.
614 1383 629 1415 n

184 1468 255 1536 Nec
274 1492 375 1558 porro
393 1470 472 1559 plus
491 1470 605 1538 valere
625 1477 872 1561 argumentum
889 1470 981 1561 quod
1003 1471 1157 1538 amultis
1172 1470 1286 1561 philo·

63 1612 65 1617 ·
141 1584 260 1675 sophis
282 1607 300 1652 e
329 1585 563 1676 discrepantia
594 1587 690 1655 illius
715 1589 765 1654 rei
791 1609 897 1677 quam
924 1587 1051 1654 honam
1072 1585 1284 1676 judicemus,

141 1706 243 1790 atque
262 1700 368 1790 hujus
388 1725 493 1791 quam
508 1703 690 1789 faciamus,
707 1702 944 1788 exhauriatur,
964 1709 1062 1792 putat
1077 1702 1283 1771 Leibnilius.

139 1815 279 1884 Etenim
294 1826 332 1886 ut
347 1818 396 1886 ait
410 1818 592 1886 familiaris
608 1825 729 1910 poeta:

609 2015 697 2072 Video
712 2015 837 2072 meliora
851 2016 1003 2088 proboque

284 2105 436 2160 Deteriora
450 2121 567 2177 sequor.

144 2292 243 2374 Quod
277 2292 375 2361 nullo
414 2292 519 2360 modo
559 2293 717 2384 intellegi
753 2293 922 2384 quosdam
962 2293 1184 2379 contendere,
1218 2294 1288 2361 nisi

143 2409 307 2477 humanae
327 2409 498 2477 voluntati
518 2408 669 2476 liberum
694 2409 866 2478 tribuatur
883 2410 1078 2478 arbitrium.
1094 2409 1286 2477 Immerito.

144 2526 238 2593 Nihil
266 2526 361 2592 enim
388 2525 468 2593 inde
497 2524 662 2593 concludi
692 2548 803 2616 posse,
839 2527 908 2593 nisi
938 2526 1030 2616 quod
1060 2526 1190 2595 diversi
1220 2526 1292 2593 sint

144 2642 303 2709 idearum
324 2645 444 2708 status.
467 2642 637 2730 Namque,
656 2649 729 2709 tum
749 2641 846 2709 illius
862 2647 942 2710 ante
958 2642 1078 2710 oculos
1096 2643 1156 2731 qui
1175 2642 1290 2710 ideam

145 2757 332 2848 quamdam
341 2759 550 2848 conceperit,
563 2757 734 2826 abstracte
745 2781 822 2827 eam
839 2764 976 2827 tantum
990 2763 1023 2826 et
1039 2759 1134 2848 quasi
1151 2766 1290 2826 externe

145 2876 289 2955 versari,
314 2882 390 2942 tum
412 2896 494 2942 vero
516 2896 639 2942 sensus
662 2874 845 2964 cujusdam
870 2875 999 2964 altique
1026 2876 1168 2943 affectus
1193 2875 1291 2941 illam

146 3013 289 3058 causam
305 3012 397 3073 esse;
419 2996 494 3058 ium
513 2990 700 3060 verborum
722 2992 953 3082 potiusquam
971 3015 1101 3074 rerum,
1122 2997 1198 3059 tum
1213 3014 1292 3058 rur-

146 3129 205 3174 sus
222 3129 339 3174 rerum
362 3107 516 3196 ipsarum
536 3130 600 3174 nos
616 3108 774 3175 conscios
789 3130 882 3190 esse;
899 3114 975 3174 tum
991 3108 1098 3198 igitur
1117 3108 1289 3174 inermem

146 3229 180 3291 et
194 3223 294 3311 quasi
311 3250 327 3285 «
344 3234 488 3290 caecam*
508 3248 537 3304 »,
556 3229 631 3288 tum
646 3245 727 3290 vere
745 3224 895 3292 activam
911 3224 983 3289 vim
999 3223 1086 3292 ideae
1106 3245 1191 3291 esse.
1205 3222 1289 3290 Inde

144 3337 268 3428 judieii
296 3339 476 3430 ipsiusque
497 3338 688 3406 voluntatis
711 3338 912 3407 discrimen.
936 3339 1016 3428 Ipsa
1041 3339 1135 3406 enim
1161 3338 1289 3406 volun-

145 3454 226 3522 tatis
246 3455 397 3522 essentia
416 3477 435 3521 a
450 3454 584 3544 judicio
600 3456 733 3522 secerni
750 3453 866 3536 debet3
885 3477 991 3544 quam
1007 3456 1080 3545 ipse
1096 3454 1289 3522 Leihnitius

148 3570 299 3660 appellat
318 3591 326 3637 :
350 3599 366 3633 «
388 3571 514 3637 l'effort
533 3569 643 3661 d'egir
662 3572 760 3661 apres
780 3570 812 3638 le
828 3570 1037 3663 jugement⁸
1054 3598 1084 3637 ».
1101 3570 1172 3637 Nec
1191 3569 1293 3636 illum

148 3690 314 3754 conatum
331 3709 348 3753 e
364 3685 447 3754 honi
460 3687 682 3775 perceptione
698 3708 836 3776 semper
855 3688 1006 3776 pendere
1028 3708 1035 3753 :
1054 3709 1097 3752 ex
1111 3684 1293 3775 quointel-

148 3802 218 3890 legi
237 3824 338 3891 posse
359 3824 422 3870 cur
445 3823 452 3870 :
479 3828 495 3862 «
520 3800 545 3868 il
566 3825 589 3893 y
609 3825 629 3868 a
646 3825 695 3869 un
715 3803 744 3868 si
771 3803 883 3893 grand
906 3802 1008 3892 trajet
1031 3801 1073 3869 de
1096 3797 1227 3890 l'esprit
1248 3824 1293 3868 au

149 3928 264 3985 ooeur⁴
287 3945 316 3984 ».
341 3917 444 4001 Nam,
473 3917 576 3999 sicut,
607 3939 688 3984 cum
716 3940 876 4009 agamus,
901 3945 918 3981 «
948 3940 1037 3985 nous
1066 3939 1110 3984 ne
1139 3939 1292 3984 sommes

180 4170 201 4218 l.
219 4165 315 4216 merod.
327 4165 417 4226 Gerh,
433 4167 454 4215 t.
468 4166 511 4226 vl,
522 4181 549 4232 p.
565 4168 619 4215 130.

178 4250 201 4298 2.
217 4247 362 4296 Nonoeaooe
374 4247 465 4309 osseis,
477 4247 494 4295 l.
511 4247 544 4309 ll,
558 4247 636 4310 chop.
648 4260 702 4296 xxi.
715 4247 802 4307 lauet,
818 4248 839 4296 t.
854 4247 874 4307 l,
890 4261 919 4312 p.
934 4248 987 4296 162.

179 4329 203 4377 3.
223 4325 318 4377 wod.
331 4326 423 4387 Germ,
436 4330 455 4376 t.
471 4327 514 4387 vl,
527 4341 553 4390 p.
570 4328 624 4375 301.

180 4411 203 4457 t.
219 4406 285 4456 loia.
552 4403 557 4412 ‘
