2964 4988
360 359 518 414 nonanta
542 359 659 425 ATQUE
684 355 907 413 THEOLOGICA
930 352 1081 410 OBJECTA
1261 355 1294 407 63

151 531 306 598 unquam
330 531 443 601 agere,
466 510 534 576 nisi
557 509 650 577 Deus
675 515 777 576 antea
796 505 881 596 quid
902 507 1058 574 facturus
1077 505 1122 572 sit
1142 504 1295 594 *perfecte

149 624 359 715 praeviderit.

193 742 244 809 Ne
264 746 381 808 tamen
401 740 481 807 inde
497 740 684 808 concludas
707 739 824 806 minus
847 738 955 805 libere
976 737 1157 803 hominem
1173 757 1296 825 quem-

149 878 216 946 que
232 879 344 946 agere.
364 857 475 923 immo
496 856 590 946 quod
612 855 800 945 praevisum
817 855 860 920 sit
882 876 952 920 non
974 854 1048 942 ipso
1072 853 1158 919 tacto
1178 874 1296 919 neces-

150 973 282 1039 sarium
298 993 394 1040 esse:
409 994 580 1039 namcum
597 973 691 1039 Deus
707 971 880 1038 actionem
896 968 1085 1059 quamdam
1102 968 1173 1035 fieri
1190 968 1294 1051 sinat,

150 1088 246 1155 iltius
270 1089 416 1156 actionis
439 1094 600 1155 naturam
622 1110 692 1154 non
712 1085 967 1153 transformari.
992 1083 1170 1174 Quidquid
1192 1085 1299 1174 igitur

151 1203 188 1270 in
204 1204 384 1271 intellectu
401 1203 519 1273 divino
535 1203 643 1271 libere
663 1204 733 1284 fiat,
758 1209 790 1269 et
810 1202 962 1269 liberum
978 1200 1014 1267 in
1030 1200 1161 1268 mundo
1182 1207 1297 1268 creato

152 1342 239 1386 esse.
255 1347 271 1382 «
284 1320 376 1386 Deus
392 1319 500 1404 enim,
518 1319 634 1408 inquit
645 1317 852 1399 Leibnitius,
870 1317 992 1385 videns
1012 1317 1103 1384 inter
1119 1316 1298 1405 possibilia

155 1463 172 1498 «
195 1434 375 1502 hominem
393 1434 502 1502 libere
523 1441 697 1524 agentem,
721 1434 823 1522 eique
839 1432 1078 1499 exsistentiam
1093 1431 1298 1514 decernens,

153 1579 171 1614 α
195 1558 360 1619 naturam
369 1551 431 1633 rei,
447 1551 603 1640 adeoque
615 1549 1049 1627 libertatemaotionisnon
1064 1549 1259 1616 immutat¹.
1282 1576 1297 1608 »

151 1666 237 1749 Quae
261 1690 317 1735 res
341 1668 442 1758 plane
468 1666 571 1734 lucet.
593 1666 778 1755 Namque:
801 1692 816 1725 «
837 1665 865 1731 Il
886 1670 938 1732 est
956 1665 1023 1731 fort
1043 1665 1115 1731 aise
1137 1665 1177 1731 de
1196 1663 1299 1754 juger

153 1810 169 1844 «
195 1806 264 1874 que
276 1783 309 1850 la
325 1783 523 1874 prescience
538 1804 581 1849 en
596 1778 952 1870 elle—memen’ajoute
969 1781 1043 1847 rien
1058 1787 1078 1846 a
1091 1780 1124 1846 la
1137 1780 1301 1847 determi-

152 1928 168 1961 «
196 1899 317 1966 nation
333 1899 375 1966 de
391 1898 425 1966 la
441 1898 549 1966 verite
570 1897 630 1964 des
647 1897 760 1964 futurs
772 1896 1006 1985 contingents,
1022 1895 1123 1962 sinon
1136 1918 1202 1985 que
1212 1902 1299 1963 cette

152 2044 169 2078 «
197 2015 468 2084 determination
498 2021 549 2082 est
569 2035 718 2096 connue,
742 2035 780 2080 ce
810 2013 871 2102 qui
900 2011 1126 2101 n’augmente
1147 2013 1246 2101 point
1265 2011 1300 2079 la

155 2161 171 2195 a
199 2132 485 2199 determination¹
503 2158 532 2198 ».

197 2248 283 2316 Cum
303 2248 411 2339 igitur
435 2268 547 2335 neque
570 2247 688 2312 minus
712 2250 915 2335 spontanea,
936 2266 1000 2311 nec
1022 2245 1142 2312 minus
1162 2245 1300 2311 contin-

152 2387 238 2454 gens
264 2364 515 2452 iuteltegensve
536 2363 580 2428 sit
604 2362 694 2429 actio
716 2360 872 2428 humana
896 2361 986 2450 quod
1014 2360 1051 2426 in
1072 2359 1297 2448 possibilibus

151 2480 297 2569 praevisa
316 2480 371 2563 sit,
397 2501 503 2569 quam
524 2478 553 2544 si
573 2477 722 2568 praevisa
741 2498 812 2544 non
831 2481 933 2559 esset,
953 2475 1052 2542 nullo
1073 2474 1189 2553 modo,
1210 2498 1297 2565 prae-

150 2596 285 2664 visione
306 2594 437 2677 divina,
458 2595 650 2662 humanam
665 2593 861 2661 libertatem
879 2592 1005 2660 minui.

197 3176 297 3258 Quod
332 3197 434 3267 porro
459 3173 653 3241 Leibnitius
684 3173 726 3240 de
755 3172 911 3239 humana
939 3172 1300 3261 praedeterminatione

153 3292 344 3374 concludit,
371 3313 477 3382 quam
506 3290 633 3356 divinae
664 3288 882 3378 praevisionis
908 3289 1008 3377 quasi
1033 3287 1301 3356 fundamentum

153 3430 228 3476 esse
257 3407 396 3476 scribit³
423 3427 430 3472 :
459 3428 542 3472 nam
568 3411 608 3472 ut
644 3403 986 3493 praedeterminatum
1016 3426 1090 3471 esse
1120 3404 1300 3472 hominem

154 3546 327 3614 quemque
343 3523 526 3591 confitetur
537 3533 557 3605 ³,
576 3520 623 3587 ita
640 3520 786 3588 liberum
801 3523 920 3586 tamen
936 3542 1017 3588 eum
1029 3518 1176 3611 judicat.

199 3638 287 3706 Cum
301 3639 394 3705 enim
411 3637 565 3706 decernit
580 3637 674 3704 Deus
690 3641 729 3702 ut
743 3634 849 3702 homo
865 3635 1007 3725 quidam
1020 3638 1175 3722 exsistat,
1193 3637 1300 3706 talem

154 3753 231 3844 ejus
251 3753 438 3820 essentiam
462 3752 544 3819 facit
564 3756 604 3819 ut
623 3751 742 3818 omnia
766 3757 889 3839 sponte
912 3752 1033 3818 suain
1057 3752 1189 3820 mundo
1214 3754 1299 3821 reali

153 3877 232 3959 agat
251 3891 329 3960 quae
344 3869 528 3936 facientem
544 3868 581 3934 in
596 3867 729 3935 mundo
744 3865 903 3957 possibili
916 3866 1013 3934 vidit.
1032 3866 1179 3948 Quando
1194 3870 1301 3959 igitur

186 4123 208 4169 Ι.
222 4119 311 4179 Geth„
327 4123 346 4168 t.
360 4118 405 4178 ΙΙΙ,
421 4133 447 4183 p.
464 4119 502 4167 36.

184 4200 209 4247 2.
229 4197 325 4248 Theod.
339 4197 427 4256 Gerh.‚
443 4200 462 4247 t.
479 4198 522 4257 Vl,
536 4211 562 4260 p.
579 4197 633 4244 ΙΙΙ.

184 4281 208 4328 3.
225 4278 292 4328 loia.

184 4363 208 4408 Ι,
223 4359 301 4420 leid,
317 4373 345 4423 p.
359 4360 413 4406 126.
