2964 4988
513 330 559 384 DE
584 329 793 384 VOLUNTATE
818 329 938 385 DIVINA
1278 329 1312 382 23

211 479 407 548 Cartesium
426 480 534 564 onim,
558 502 639 547 cum
660 502 678 547 1
702 480 992 569 omnipotentiam
1013 507 1029 541 »
1055 480 1119 548 Dei
1136 479 1228 547 tueri
1248 478 1313 544 sihi

166 595 334 676 videatur,
359 595 471 662 Deum
499 622 515 657 «
538 600 726 686 tyrannum
747 597 785 657 »¹
807 594 1022 677 describere;
1046 601 1091 678 et,
1115 600 1153 662 ut
1173 594 1312 685 propria

168 713 319 778 auctoris
345 710 452 779 verba
478 712 652 779 referam:
684 740 699 774 «
731 712 757 778 il
786 710 914 779 detruit
939 734 1020 778 sans
1048 735 1071 803 y
1095 733 1219 802 penser
1240 716 1313 777 tout

171 854 186 888 «
202 826 351 894 l’amour
366 827 407 894 de
423 827 513 894 Dieu
529 834 562 894 et
579 833 673 895 toute
688 850 725 894 sa
740 827 873 917 gloire¹
895 856 924 893 ».

210 944 363 1026 Etenim,
379 965 464 1010 num
485 972 500 1006 «
518 944 746 1033 sapientem»
766 943 1008 1012 Cartesianum
1029 967 1104 1011 esse
1120 944 1234 1012 Deum
1250 965 1313 1010 nos

167 1059 292 1127 dicturi
315 1059 452 1126 simus?
470 1059 597 1143 lmmo,
614 1060 807 1149 sapientem
828 1059 931 1126 illum
954 1061 1131 1127 nominari
1149 1060 1208 1150 qui
1228 1058 1314 1148 quid

165 1175 299 1243 bonum
322 1175 368 1242 sit
392 1175 570 1265 percipiat.
592 1174 698 1243 Nullo
725 1175 831 1266 igitur
852 1175 956 1243 modo
984 1177 1176 1264 sapientem
1199 1174 1315 1244 Carte—
1350 1168 1353 1178 '

165 1292 305 1358 sianum
332 1292 459 1374 Deum,
492 1297 682 1382 antequam
715 1293 837 1378 egerit,
873 1292 1212 1381 sine'repugnantia
1245 1290 1316 1358 dici

164 1429 280 1496 posse;
296 1407 479 1476 nonenim
495 1406 625 1475 bonum
636 1430 818 1498 cognosse,
835 1409 1042 1497 priusquam
1058 1413 1220 1475 naturam
1232 1405 1313 1474 boni

168 1523 348 1590 creaverit.

211 1638 303 1706 Num
329 1661 432 1731 porro
457 1661 538 1707 eum
564 1661 701 1730 semper
722 1640 806 1729 quid
831 1641 875 1706 sit
901 1662 1023 1708 verum
1051 1662 1231 1730 cognosse,
1258 1639 1341 1706 vel.

164 1755 272 1823 etiam
310 1755 492 1825 intellectu
531 1755 682 1847 quodam
720 1753 904 1845 praeditum
939 1756 1048 1824 fuisse
1080 1756 1314 1823 existimaturi

164 1872 306 1938 simus?
330 1870 453 1952 Immo,
483 1893 597 1960 neque
621 1892 757 1953 verum,
782 1893 862 1939 cum
891 1871 1048 1939 nondum
1074 1872 1130 1954 sit,
1158 1871 1314 1960 intellegi

164 2009 278 2076 posse,
303 2009 368 2055 neo
396 1987 617 2055 intellectum
645 1987 805 2078 quemvis
830 1988 1003 2054 exstitisse
1031 1987 1209 2055 fatendum
1234 2009 1315 2054 cum

164 2103 255 2170 nihil
275 2102 388 2170 adhuc
407 2103 564 2193 intellegi
588 2109 714 2194 posset.
736 2104 828 2193 Ergo
849 2110 1037 2193 antequam
1060 2103 1313 2171 «essentiam»

165 2220 238 2286 veri
260 2219 459 2287 formaverit
485 2220 591 2301 Deus,
617 2241 732 2310 neque
753 2242 835 2287 eum
854 2242 976 2287 verum
999 2219 1226 2304 intellexisse,
1249 2241 1314 2287 nec

164 2335 278 2403 ullum
311 2357 392 2402 eum
428 2335 592 2403 habuisse
633 2334 869 2420 intellectum,
908 2336 977 2403 nisi
1017 2336 1209 2417 immerito,
1246 2334 1315 2403 dici
1406 2379 1409 2383 -

165 2462 295 2541 posse².

209 2566 319 2634 Porro
348 2567 465 2649 etiam,
496 2587 610 2656 neque
632 2564 765 2632 honum
794 2567 920 2650 Deum,
939 2589 1005 2633 nec
1030 2566 1103 2634 ulla
1135 2565 1315 2635 voluntate

166 2687 329 2750 ornatum
344 2682 414 2748 nisi
429 2679 578 2750 absurde
595 2681 788 2749 Cartesium
808 2681 982 2748 1111111111
1003 2703 1103 2770 posse
1119 2682 1314 2749 Leibnitius

164 2797 353 2885 contendit.
378 2798 472 2865 Num
494 2798 588 2864 enim
613 2797 745 2865 bonum
777 2797 1021 2865 Cartesianum
1050 2799 1161 2865 Deum
1186 2797 1314 2865 dicturi

136 2911 140 2918 ’
164 2914 304 2980 simus?
325 2913 448 2996 lmmo,
471 2912 606 2981 nullam
633 2935 708 2981 esse
731 2912 815 2981 boni
840 2918 1002 2980 naturam
1029 2919 1219 3004 antequam
1239 2914 1313 3004 ipse

106 3100 112 3109 ,
140 3040 145 3047 ’
164 3029 295 3096 feeerit.
314 3028 434 3118 ltaque
456 3055 471 3090 «
495 3030 574 3118 quel
591 3028 683 3119 sujet
702 3029 1312 3119 00111111-011110111111110111111

166 3174 182 3207 «
204 3167 242 3213 ce
262 3143 346 3234 qu’il
369 3167 388 3210 a
409 3143 485 3225 fait,
503 3143 558 3210 s'il
582 3145 675 3212 a'vait
699 3144 761 3210 fait
785 3144 980 3234 egolement
1007 3144 1088 3212 bien
1116 3167 1159 3212 en
1185 3146 1313 3212 faisant

166 3289 182 3324 11
203 3265 281 3328 1011
303 3265 400 3328 11111
425 3259 572 3327 01101111
589 3288 605 3321 »
627 3259 720 3327 Num
743 3260 775 3326 ei
794 3258 958 3327 voluntas
974 3259 1185 3327 tribuenda?
1200 3260 1312 3328 Immo

165 3375 383 3445 voluntatem
404 3374 553 3458 nullam,
574 3374 644 3441 nisi
666 3374 752 3464 quid
772 3375 905 3442 bonum
926 3374 993 3442 sibi
1012 3380 1183 3465 proponat
1204 3377 1313 3443 exsis-

166 3497 237 3560 tere
253 3513 366 3582 posse.
383 3491 527 3559 Nullam
540 3490 671 3559 idcirco
685 3491 723 3557 in
741 3491 812 3558 Deo
828 3491 942 3558 inesse
960 3491 1178 3559 voluntatem
1195 3514 1312 3583 posse,

166 3608 368 3699 priusquam
388 3608 461 3697 ipse
475 3608 569 3674 Deus
585 3606 667 3674 boni
684 3608 873 3675 essentiam
894 3607 1108 3676 formaverit.

209 3723 287 3791 Non
304 3724 416 3791 Deum
433 3724 540 3812 igitur
554 3724 687 3790 ratione
701 3723 886 3811 praeditum
901 3723 1025 3792 mundi
1041 3729 1218 3791 auctorem
1236 3746 1310 3790 esse

167 3839 368 3928 concepisse
394 3838 603 3918 Cartesium,
630 3839 690 3906 1111
716 3839 892 3907 furentem
919 3839 1118 3929 quemdam,
1144 3838 1310 3906 insanum

193 4095 215 4140 1.
233 4090 348 4138 Lettrett
364 4087 454 4137 Fabri.
471 4088 561 4151 Gerh.,
578 4092 598 4138 t.
611 4090 654 4149 IV,
669 4104 695 4153 p.
710 4089 937 4152 1511111111).

190 4173 213 4221 2.
228 4171 300 4219 Diae.
312 4169 344 4218 dc
359 4167 475 4232 metaph.
493 4169 583 4229 (11111,
598 4171 616 4218 1.
630 4170 674 4228 lv,
693 4184 717 4232 p.
735 4171 789 4217 428.

192 4253 215 4301 3.
233 4250 325 4311 Geth„
340 4251 361 4299 t.
374 4249 417 4309 IV,
431 4263 457 4312 p.
472 4250 527 4297 299.

193 4334 217 4380 4.
235 4329 330 4380 mod.
345 4329 434 4380 Gerh..
445 4331 464 4377 t.
478 4328 521 4389 Vl,
535 4343 561 4392 p.
576 4330 630 4377 ata.
