2964 4988
506 395 551 448 DE
570 394 775 450 VOLUNTATE
795 393 946 448 HUMANA
1261 393 1292 446 u

153 542 312 631 ejusdem
346 546 567 612 enuntiatum
594 545 747 614 breviter
779 544 1025 613 contraxerim.
1059 573 1075 607 «
1106 544 1143 611 Si
1162 545 1298 610 *omnia-

156 685 171 719 «
192 661 401 728 necessitate
416 661 565 750 quadam
581 684 624 727 ex
639 662 758 731 diviua
772 668 898 729 natura
913 666 1089 743 emanant,
1108 661 1297 749 omniaque

154 803 169 838 ι(
192 776 372 865 possibilia
392 779 497 844 etiam
513 778 695 859 exsistunt,
718 800 815 867 aeque
835 776 936 845 facile
956 775 1048 844 male
1067 777 1133 844 erit
1152 775 1252 842 bonis
1267 781 1300 842 et

155 918 171 953 «
194 892 307 959 melis
326 892 483 960 Tolletur
498 915 578 984 ergo
595 893 736 960 moralis
752 892 976 983 philosophia
989 903 1009 958 ¹.
1030 921 1046 956 »

91 1081 96 1087 ,
201 1007 301 1089 Quod
323 1008 422 1076 nullo
447 1015 547 1098 paeto
577 1009 751 1100 significat
777 1009 927 1077 absurda
955 1031 1031 1076 esse
1058 1031 1178 1099 poenas
1200 1012 1302 1097 atque

153 1122 275 1192 laudes
294 1123 421 1213 quibus
447 1123 609 1192 homines
634 1126 823 1194 sceleratos
846 1125 984 1214 punire,
1007 1124 1116 1193 bonos
1140 1145 1302 1191 remune-

138 1239 224 1307 -rari
252 1240 514 1325 consueverint,
544 1242 574 1307 si
601 1263 619 1308 e
643 1240 883 1332 metaphysica
910 1241 1117 1308 necessitate
1148 1239 1303 1307 humana

152 1355 245 1423 facta
260 1354 445 1445 pendeant.
460 1355 592 1424 Eodem
608 1357 703 1424 enim
716 1357 787 1424 fere
800 1357 877 1425 loco
890 1356 1080 1424 admodum
1091 1356 1302 1424 contrariam

156 1471 350 1539 Leibnitius
375 1473 587 1540 sententiam
619 1472 814 1540 confirmat.
844 1501 861 1534 «
888 1473 1003 1540 Etiam
1028 1473 1088 1562 qui
1117 1471 1302 1562 impotenti

157 1615 173 1649 «
200 1595 283 1654 sunt
304 1588 422 1655 animo
452 1588 576 1656 mereri
601 1593 748 1678 possunt
773 1611 923 1678 poenam,
951 1594 995 1671 et,
1023 1587 1244 1679 generaliter,
1264 1587 1304 1653 in¹

159 1730 175 1765 «
201 1725 352 1793 quorum
375 1708 545 1793 potestate
566 1704 633 1770 fuit
653 1703 743 1771 male
759 1727 831 1771 non
848 1727 963 1794 agere,
982 1706 1011 1770 si
1028 1704 1159 1772 scilicet
1176 1703 1305 1770 voluis·

159 1846 174 1881 «
202 1824 291 1886 sent.
316 1823 372 1886 Art
395 1832 511 1886 autem
534 1819 572 1886 in
596 1843 711 1887 eorum
730 1832 901 1910 potestate
918 1821 1028 1910 suerit
1048 1820 1132 1887 celle
1151 1818 1242 1885 nitu
1259 1817 1306 1885 od

159 1961 175 1995 «
201 1958 273 2001 rem
289 1934 452 2024 pertinet.
471 1936 613 2026 Sufficit
630 1935 677 2002 od
688 1959 827 2026 poenam
842 1950 1015 2027 comperto
1029 1937 1189 2002 voluutas
1201 1933 1270 2002 scel
1288 1974 1301 1984 -

159 2079 174 2112 «
201 2052 306 2117 rott'¹.
345 2080 361 2112 u
396 2051 509 2133 Quam
544 2053 754 2120 sententiam
792 2054 829 2119 in
867 2051 1061 2120 Theodicea
1102 2051 1301 2140 amplificat.

160 2193 176 2228 «
203 2165 362 2256 Quelque
392 2167 626 2258 dependance,
655 2169 781 2258 inquit,
808 2168 914 2258 qu’on
946 2168 1110 2250 concoive
1139 2167 1225 2234 dans
1253 2167 1303 2234 les

160 2308 176 2345 «
202 2284 336 2351 actions
351 2283 575 2362 volontaires‚
594 2291 627 2351 et
642 2285 763 2374 quood
780 2285 889 2352 meme
902 2284 930 2350 il
944 2307 967 2373 y
982 2284 1097 2351 cerruit
1112 2306 1177 2351 eme
1192 2287 1305 2350 oeces-

161 2424 177 2460 o
202 2398 268 2465 site
280 2398 417 2466 absolue
432 2413 464 2466 et
478 2399 744 2490 mathematique
760 2400 814 2488 (ce
829 2401 889 2490 qui
905 2400 995 2467 n'est
1009 2399 1098 2490 pas),
1116 2399 1142 2466 il
1156 2421 1200 2466 uc
1216 2399 1304 2466 s'en·

162 2542 178 2576 «
206 2514 354 2582 suivrait
368 2537 428 2604 pas
444 2515 531 2605 qu'il
546 2516 604 2606 u’y
620 2517 735 2584 aurait
749 2539 809 2605 pas
826 2520 948 2583 autant
965 2516 1006 2583 de
1021 2514 1143 2582 liberte
1159 2514 1245 2604 qu’il
1261 2537 1304 2582 en

162 2658 178 2693 «
205 2629 355 2698 faudrait
370 2653 460 2720 pour
473 2632 597 2699 rendre
613 2632 662 2699 les
681 2638 925 2721 recompenses
943 2636 978 2699 et
990 2631 1041 2699 les
1056 2632 1175 2720 peines
1191 2630 1305 2722 justes

163 2774 179 2809 «
205 2752 238 2814 et
253 2747 524 2816 raisonnables³.
552 2775 567 2809 u
585 2749 631 2819 Ut
648 2750 742 2816 enim
763 2747 887 2838 lupum
907 2753 1090 2815 nocentem
1108 2746 1165 2815 vel
1182 2734 1306 2815 insane

160 2863 335 2930 furentem
360 2863 542 2931 hominem
566 2864 736 2948 occidere,
764 2865 814 2931 sic
839 2863 1026 2953 aliquando
1046 2864 1118 2932 vim
1139 2861 1307 2931 adversus

159 2977 232 3046 vim
261 3000 435 3067 opponere
467 2981 518 3047 fas
546 3002 553 3048 :
587 2981 701 3069 poenis
734 2980 902 3048 animatia
932 2979 1124 3063 emendari,
1152 2979 1306 3070 praemiis
1351 3001 1354 3008 ·

160 3094 296 3161 animos
312 3093 391 3161 addi
409 3115 417 3160 :
439 3116 517 3184 quae
531 3095 574 3163 ad
590 3096 751 3163 homines
767 3117 907 3185 quoque
927 3095 1090 3162 meliores
1107 3094 1306 3162 efficiendos

161 3209 357 3298 plurimum
390 3211 519 3278 valere.
543 3211 716 3300 Denique,
740 3210 836 3278 illius
861 3212 921 3299 qui
945 3211 1133 3300 castigetur
1155 3209 1304 3293 dolores,

161 3324 268 3415 hujus
283 3331 404 3393 contra
419 3327 479 3416 qui
502 3324 663 3394 laudetur
684 3326 853 3416 gaudium
876 3326 1028 3414 perfecta
1050 3323 1211 3415 exempla
1230 3348 1304 3393 esse

161 3464 238 3532 quae
257 3452 389 3510 ceteros
409 3441 572 3510 homines
591 3442 634 3510 ad
657 3442 869 3510 imitandum
889 3442 988 3531 quasi
1006 3441 1202 3511 hortentur.
1220 3441 1305 3524 Quae

161 3578 242 3626 cum
258 3558 306 3626 ita
326 3559 409 3642 sint,
423 3581 487 3627 nec
507 3581 546 3626 ea
561 3559 680 3626 minus
700 3581 793 3642 vera,
816 3581 878 3626 seu
894 3558 998 3626 homo
1016 3559 1223 3639 necessario,
1242 3581 1304 3626 seu

145 3672 270 3741 'libere
299 3680 390 3765 agat,
426 3675 619 3743 existimari
650 3674 810 3756 debeant,
851 3675 989 3743 etiamsi
1023 3675 1116 3764 quod
1147 3675 1308 3742 nominat

162 3788 356 3857 Leibnitius
377 3819 392 3853 «
421 3792 700 3884 metaphysicam
720 3793 965 3860 necessitatem
982 3820 998 3854 »
1016 3791 1171 3872 exsistat,
1187 3813 1306 3879 poenas

161 3910 280 3973 tamen
296 3911 330 3975 et
343 3908 485 3995 praemia
500 3906 609 3998 justa,
627 3908 709 3998 quia
724 3909 835 3991 utilia,
854 3931 928 3976 esse
946 3907 1127 3975 fatendum
1143 3905 1303 3973 intendit.

160 4021 323 4090 Instituta
345 4023 452 4111 igitur
479 4023 646 4107 humana,
678 4026 739 4114 qui
767 4025 963 4092 necessario
993 4022 1175 4091 hominem
1203 4045 1306 4114 agere

192 4239 214 4287 r.
229 4235 332 4286 observ.
344 4250 392 4286 sur
405 4236 433 4287 u
442 4237 574 4301 premiere
589 4237 696 4288 retiret
712 4238 889 4303 occentum.
903 4240 994 4301 cern,
1009 4242 1029 4290 t.
1045 4240 1067 4302 1,
1080 4253 1106 4304 p.
1124 4224 1189 4289 mn

191 4321 215 4367 2.
230 4316 308 4377 ictu,
332 4319 352 4367 t.
368 4317 388 4378 1,
404 4332 431 4382 p.
447 4319 501 4366 ru.
991 4344 996 4384 3
1026 4338 1033 4384 3
1171 4332 1180 4344 .,

192 4399 216 4447 3.
233 4397 427 4459 Theodderh„
440 4400 462 4448 t.
476 4398 519 4460 VI,
535 4399 631 4463 p.139.
987 4406 994 4413 ·
1030 4404 1063 4424 υ
1174 4395 1179 4408 ¹
