2964 4988
412 376 457 430 DE
482 374 634 452 fluitaret
654 375 847 438 DIVINAQUE
873 374 1065 429 LIBERTATE
1154 432 1156 436 ,
1276 376 1309 428 57

131 584 135 596 ,
168 527 390 618 atquemagis
405 525 617 594 reconditam
630 525 785 592 invenire
797 548 938 593 causam
951 526 1126 614 possimus
1135 547 1196 592 cur
1209 524 1310 593 intel·

165 643 328 733 legentia,
347 648 385 709 ut
410 643 483 731 ipse
505 640 616 722 docet,
640 641 758 707 anima
783 640 826 707 sit
845 640 1027 707 libertatis.
1045 641 1197 722 Etenim,
1216 640 1311 708 verbi

166 759 314 850 quadam
349 757 647 846 interpretatione,
675 756 826 824 liberum
862 757 955 824 huuc
979 757 1092 823 dicere
1124 778 1311 844 possumus
1419 812 1420 817 ,

167 875 225 963 qui
243 874 334 964 quod
355 895 436 942 vere
457 872 541 939 velit
555 872 671 938 faciat.
688 871 779 939 Illud
795 877 914 940 autem
932 893 1009 939 vere
1030 894 1176 962 quaeque
1191 872 1313 938 Mones

167 991 243 1057 vult
258 990 351 1079 quod
365 989 522 1080 appetitu
538 1012 599 1057 suo
616 991 712 1079 cupit
729 1013 735 1059 :
754 1011 818 1056 nec
834 995 885 1055 est
901 987 1048 1055 dubium
1069 988 1156 1076 quin
1172 986 1312 1054 easdem

168 1128 222 1173 res
237 1103 399 1172 Monades
417 1105 527 1171 velint
542 1128 674 1173 omnes.
693 1105 782 1171 Nam
800 1127 880 1172 cum
896 1125 1117 1194 unaquaeque
1136 1131 1152 1166 «
1172 1126 1248 1194 pars
1267 1104 1313 1172 sit

169 1221 284 1288 totalis
310 1250 339 1303 »,
362 1221 397 1287 id
417 1227 481 1305 est,
511 1223 716 1291 universum
741 1227 865 1304 totum,
897 1226 937 1288 ut
955 1221 1029 1311 ipse
1056 1222 1158 1302 lleuS,
1187 1221 1223 1287 in
1249 1242 1312 1287 sua

169 1339 300 1405 unitate
321 1338 500 1427 percipiat,
534 1339 658 1427 partim
690 1344 807 1404 autem
831 1337 866 1404 id
885 1336 1042 1421 obscure,
1070 1337 1194 1427 partim
1220 1337 1311 1404 clare

138 1451 141 1455 ’
167 1461 201 1520 et
219 1454 381 1521 distincte
402 1454 439 1520 in
460 1459 577 1520 mente
595 1453 729 1533 habeat,
752 1454 834 1521 inde
855 1453 1013 1521 Monadis
1037 1453 1206 1542 cujusque
1234 1475 1312 1519 nas-

168 1570 257 1637 citur
274 1571 460 1660 appetitus,
482 1576 665 1659 propterea
685 1568 777 1658 quod
802 1591 1021 1658 unaquaeque
1039 1569 1159 1636 omnia
1178 1575 1217 1635 ut
1236 1569 1312 1657 ipse

169 1687 275 1770 Deus,
301 1686 393 1753 clare
427 1692 461 1752 et
494 1686 656 1752 distincte
690 1686 866 1774 percipere
896 1685 1122 1775 concupiscit,
1152 1690 1185 1752 et
1212 1685 1312 1774 quasi

171 1831 186 1864 «
219 1825 347 1892 parvus
385 1803 479 1869 Deus
508 1830 523 1863 »
555 1801 674 1868 Monas
710 1823 855 1892 quaeque
882 1806 949 1885 est,
981 1801 1074 1869 Deus
1109 1823 1212 1868 verus
1239 1801 1313 1868 lieri

170 1924 348 2008 exoptans.
389 1918 452 1985 His
490 1924 607 1985 autem
646 1917 769 2007 positis
805 1917 925 1995 rebus,
955 1915 1032 1984 illas
1065 1919 1312 1985 tantummodo

168 2034 333 2101 Monades
355 2057 431 2124 quae
458 2033 674 2101 intellectum
693 2032 882 2122 quemdam
904 2033 1055 2101 habeant
1076 2056 1154 2102 vere
1170 2033 1310 2117 liberas,

56 2189 57 2192 π
169 2172 237 2240 quo
261 2172 366 2217 sensu
389 2150 533 2216 ineunte
554 2149 770 2239 paragrapho
790 2148 942 2216 verbum
961 2149 1026 2217 hoc
1051 2149 1312 2239 usurpavimus,

169 2266 244 2332 lieri
266 2288 363 2354 posse
389 2270 494 2354 patet.
522 2264 558 2332 Si
588 2265 684 2332 enirn
710 2265 890 2334 intellectu
911 2266 1008 2334 omni
1033 2266 1167 2354 privata
1191 2265 1312 2334 Menas

169 2381 286 2470 aliqua
302 2381 379 2461 erit,
397 2379 537 2468 quando
558 2403 672 2469 neque
693 2404 762 2470 quo
782 2382 854 2448 veri
880 2381 933 2449 sui
957 2381 1098 2448 tendant
1125 2382 1311 2470 appetitus,

168 2517 233 2563 nec
269 2518 338 2585 qua
375 2495 432 2561 via
454 2518 490 2561 se
522 2517 601 2562 vere
625 2495 781 2562 divinam
810 2496 947 2563 efficere
968 2502 1089 2587 queat,
1110 2495 1312 2585 intellegere

170 2611 309 2702 poterit,
347 2609 618 2700 haudquaquam
647 2633 730 2700 ergo
759 2610 868 2678 libera
896 2611 965 2678 fiet.
994 2612 1057 2680 Sin
1084 2617 1201 2679 autem
1229 2611 1315 2701 quid

167 2728 366 2795 intellectus
386 2726 524 2794 Monadi
540 2726 679 2795 cuidam
701 2727 776 2809 erit,
799 2728 938 2815 quando
957 2733 991 2795 ct
1013 2729 1067 2795 sui
1082 2727 1220 2795 conscia
1239 2727 1314 2795 fieri

169 2853 201 2911 et
218 2842 388 2925 universi,
406 2843 459 2932 cuj
468 2866 506 2910 us
527 2865 606 2932 pars
625 2843 702 2924 erit,
720 2841 815 2931 leges
837 2865 1045 2931 cognoscere
1066 2843 1204 2919 valebit,
1221 2865 1313 2912 sem-

168 2982 228 3049 per
248 2981 328 3049 ergo
345 2982 420 3048 quae
440 2959 590 3027 voluerit
607 2959 720 3026 facere
740 2964 843 3048 atque
860 2959 990 3027 idcireo
1013 2960 1123 3028 libera
1143 2982 1225 3027 vere
1246 2960 1314 3029 dici

170 3074 296 3165 poterit
313 3096 320 3141 :
339 3074 430 3164 quod
457 3074 599 3164 quidem
624 3075 818 3143 intellectui
849 3099 912 3143 suo
937 3075 1076 3144 debebit
1100 3098 1167 3166 quo
1189 3075 1309 3158 libera,

168 3191 230 3257 illo
245 3196 365 3257 nostro
382 3212 483 3256 sensu
498 3190 587 3257 lacta
603 3191 678 3257 erit.

213 3307 304 3374 Sunt
328 3329 407 3396 ergo
434 3304 508 3393 jam
537 3329 659 3396 graves
694 3307 854 3396 quamvis
888 3313 1039 3375 externae
1067 3308 1220 3375 rationes
1252 3330 1312 3377 cur

168 3423 296 3491 liberos
326 3422 490 3513 Spiritus,
517 3421 609 3512 quod
638 3422 817 3490 intellectu
843 3423 956 3490 ornati
982 3424 1063 3504 sint,
1090 3447 1161 3492 non
1187 3423 1313 3493 liberas

169 3561 248 3605 vero
265 3545 395 3606 ceteras
411 3538 574 3605 Monades
597 3538 794 3606 Leihuitius
806 3537 883 3629 jure
900 3540 1013 3608 dicere
1038 3540 1159 3631 possit.
1248 3598 1251 3603 .

212 3770 273 3837 Est
299 3775 416 3836 autem
439 3775 473 3838 et
498 3769 611 3861 major
639 3772 809 3862 altiorque
831 3795 935 3841 causa
957 3797 999 3842 ex
1023 3775 1108 3864 ipsis
1131 3775 1313 3865 principiis

167 3908 244 3975 quae
264 3908 368 3976 supra
390 3884 543 3953 diximus
562 3887 814 3955 exhauriunda.
829 3889 969 3956 Etenim
985 3911 1025 3956 eo
1041 3889 1221 3957 liberiores
1237 3912 1312 3957 esse

167 4001 332 4068 Monades
348 4000 500 4068 diximus
517 4024 558 4068 ex
574 4002 648 4091 ipsa
666 4004 828 4071 Leibnitii
844 4004 1029 4089 sententia,
1042 4019 1111 4094 quo
1126 4004 1253 4073 melius
1271 4028 1313 4073 ex

166 4138 284 4183 earum
318 4122 453 4182 natura>
482 4118 681 4204 cognitione
708 4120 862 4186 actiones
892 4119 1121 4208 explicentur.
1151 4120 1312 4188 Diximus

165 4237 295 4311 autem,
324 4252 404 4296 oum
436 4231 518 4320 quid
553 4231 644 4299 clare
674 4240 778 4323 atque
812 4233 975 4302 distincte
1007 4235 1126 4302 Mones
1152 4237 1311 4326 quaedam

165 4347 343 4438 pereipiat,
367 4344 443 4435 ejus
467 4346 581 4413 ideam
599 4348 659 4414 Dei
685 4349 901 4416 voluntatem
926 4351 1149 4418 inclinavisse
1169 4358 1208 4421 ut
1230 4353 1311 4421 uui-
