2964 4988
519 342 798 402 ottvoturtr‘trn
817 336 944 401 btvtttt
1278 340 1311 391 25

166 519 245 563 rum
266 519 341 565 esse
362 498 575 588 quicumque
597 499 668 566 Deo
695 499 844 566 liberum
864 497 951 566 itlud
973 497 1103 564 tribuat
1126 495 1309 564 arbitrium

167 613 271 701 quod,
292 618 331 680 ut
355 614 391 680 in
416 613 571 698 homine,
595 615 699 682 sic'in
717 608 801 692 Deo,
824 603 1137 682 contradictionem
1156 611 1312 699 implicet

168 733 272 818 atque
292 730 437 798 rationis
453 732 624 821 principio
644 731 788 799 omnino
805 731 1019 799 contrarium
1042 730 1098 796 sit.

212 1194 347 1277 Quibus
371 1203 488 1265 autem
508 1197 702 1266 rationibus
720 1198 953 1287 Spinoza'nam
974 1195 1015 1263 de
1036 1195 1164 1262 divinas
1184 1193 1313 1262 volun-

165 1312 246 1379 tatis
270 1314 477 1381 necessitate
511 1315 712 1404 opinionem
745 1314 943 1383 Leibnitius
972 1312 1138 1394 tastidiat,
1167 1310 1249 1379 satis
1276 1311 1313 1374 in

154 1421 344 1517 'superiore
366 1429 476 1519 eapite
499 1430 663 1498 diximus.
687 1430 776 1498 Cum
797 1432 892 1498 enim
912 1429 1092 1496 hominem
1113 1428 1220 1495 aDeo
1237 1426 1313 1515 Spi—

166 1567 252 1612 noza
277 1568 349 1613 non
374 1552 543 1629 secernat,
562 1545 623 1613 sed
641 1551 780 1614 tantum
800 1546 927 1615 divinas
947 1544 1150 1613 substantiae
1169 1541 1314 1609 modum

167 1660 269 1728 illurn
285 1684 360 1729 esse
378 1663 552 1752 opinetur,
571 1668 778 1752 argumenta
795 1662 921 1752 quibus
936 1661 1087 1729 liberum
1106 1682 1181 1727 esse
1200 1659 1314 1726 horni-

78 1781 84 1791 '
168 1799 250 1844 nem
271 1800 291 1844 a
316 1778 464 1868 Spinoza
482 1784 644 1869 negatur,
670 1779 706 1846 in
730 1778 909 1846 hominem
931 1777 1009 1846 ideo
1033 1783 1169 1844 tantum
1195 1775 1315 1843 valent

168 1892 261 1985 quod
281 1893 316 1960 in
336 1892 449 1961 Deum
466 1894 594 1962 vatent.
611 1895 699 1963 Cum
722 1894 830 1984 igitur
850 1893 1088 1984 metaphysica
1110 1912 1173 1960 sua
1195 1881 1315 1959 nebes-

166 2009 267 2077 sitate
291 2009 416 2078 tollere
435 2011 621 2102 Spinozam
635 2011 811 2079 'moralem
833 2009 1090 2100 philosophiam
1115 2007 1313 2077 Leibnitius

166 2125 360 2209 confirmat,
387 2127 494 2195 simul
513 2150 576 2195 our
596 2129 710 2195 Deum
729 2127 924 2195 necessario
953 2148 1055 2218 agere
1085 2124 1187 2207 nolit,
1209 2130 1312 2213 atque

167 2243 428 2334 contingentem
451 2266 525 2311 esse
556 2243 748 2312 humanam
780 2244 984 2312 volitionem
1014 2242 1202 2310 arbitretur
1227 2240 1312 2307 satis

76 2368 79 2389 ¹
166 2357 329 2426 declarat.
347 2359 476 2428 idcireo
498 2360 610 2427 Deum
636 2360 735 2428 nulla
754 2382 828 2428 esse
851 2359 1090 2449 metaphysica
1107 2357 1312 2425 necessitate

166 2473 330 2542 obrutum
358 2474 554 2542 Leibnitius
583 2483 712 2558 censet,
742 2477 822 2567 quia
849 2477 878 2543 si
906 2497 1026 2553 revera
1055 2479 1157 2556 esset,
1183 2480 1313 2552 τὰήθικά

167 2589 376 2658 delerentur.

213 3063 299 3140 Quae
312 3080 393 3126 oum
409 3059 456 3125 ita
472 3058 556 3142 sint,
568 3058 651 3148 quid
668 3050 708 3126 ‘de
721 3064 846 3126 natura
859 3056 985 3125 divinae
1007 3051 1313 3125 voluntatis'L'eib-

132 3256 135 3261 .
166 3174 277 3243 nitius
293 3174 444 3242 senserit
459 3173 626 3242 facillime
647 3174 876 3264 intellegitur.

212 3285 300 3360 Cum
330 3290 402 3359 Deo
424 3291 642 3359 voluntatem
666 3291 856 3382 quamdam
875 3290 988 3357 inesse
1012 3296 1153 3379 prorsus
1173 3287 1311 3354 inditio-

167 3414 302 3476 rentem
313 3412 415 3498 atque
427 3406 469 3475 ab
484 3406 773 3476 intellectunullo
784 3403 889 3473 modo
899 3401 1108 3497 pendentdih'
1119 3402 1310 3472 absordum

166 3523 432 3592 Leibnitioesse
452 3521 621 3607 videatur,
640 3523 858 3591 intellectum
882 3523 952 3589 Deo
972 3504 1310 3590 tribdiiiidu'm'arbi-

165 3646 288 3708 tratur.

211 3757 283 3824 Deo
303 3763 420 3825 autem
444 3758 473 3824 si
494 3759 572 3848 quis
598 3752 817 3826 intellectum
836 3761 973 3825 tantum
995 3756 1071 3823 sine
1094 3755 1167 3822 ulla
1187 3754 1312 3821 volun-

166 3877 235 3939 tate
273 3864 507 3963 adscripserit,
540 3873 777 3963 Spinozanam
818 3873 1026 3939 sententiam
1047 3872 1124 3938 'vix
1148 3871 1313 3958 effugere

168 3989 306 4079 poterit.
335 3988 476 4056 Etenim
506 3990 625 4056 omnia
658 4012 734 4078 quae
769 3990 937 4056 exsistant
973 3984 1083 4054 divini
1114 3982 1312 4053 intellectus

166 4125 281 4170 meras
306 4126 381 4171 esse
416 4131 431 4165 o
458 4104 553 4172 ideas
580 4133 595 4166 »
624 4127 705 4172 eum
727 4103 919 4195 dijudicare
940 4123 1083 4176 necesse
1110 4107 1174 4168 est.
1198 4096 1309 4170 Unam

167 4220 277 4308 igitur
305 4241 422 4297 rerum
451 4222 577 4288 seriem
600 4220 801 4310 possibilem
822 4220 928 4287 fuisse
951 4218 1065 4307 reipsa
1092 4217 1249 4305 suscipit.
1274 4217 1310 4283 Si

167 4335 262 4401 enim
287 4336 407 4404 omnia
431 4359 508 4428 quae
539 4341 632 4421 sunt,
662 4336 774 4404 divini
800 4336 997 4406 intellectus
1017 4332 1307 4417 ·«·ideae·'»·'sunt,
