2964 4988
238 364 322 429 QUlD
347 365 481 420 VALEAT
506 367 732 421 tarrrxr‘rlxnx
756 368 800 421 ltfj
826 367 1022 420 maumam
1047 365 1240 419 suxruxttx
1296 366 1328 413 823

181 513 335 601 perfecta
357 516 533 605 extemplo
558 515 666 582 fieret.
701 543 717 576 a
738 516 806 582 Per
826 539 862 582 se
884 517 995 606 ipsam
1027 517 1062 582 in
1088 516 1327 605 operationem

182 656 198 689 α
226 628 349 712 fertur,
376 652 441 698 neo
457 631 597 698 auxiliis
619 629 763 721 indiget,
783 631 842 697 sod
865 631 939 697 sola
966 630 1162 697 sublatione
1182 627 1328 717 impedi-

180 770 197 803 «
224 745 366 812 menti¹.
391 773 406 807 a
432 745 469 813 Si
490 769 571 813 vero
594 747 713 813 onmia
737 747 944 813 tollerentur
966 747 1232 835 impedimenta,
1259 751 1326 810 sta-

178 859 243 925 tim
259 860 379 928 Monas
402 884 547 951 quaeque
565 863 703 930 infinita
719 861 893 944 evaderet,
911 861 946 928 id
966 867 1018 928 est
1043 860 1128 928 adeo
1150 884 1231 927 suas
1255 883 1326 949 per-

178 976 356 1065 ceptiones
369 977 532 1045 confusas
543 984 704 1057 mutaret,
721 983 760 1045 ut
773 977 883 1045 elaras
900 977 1013 1044 solum
1030 985 1131 1066 atque
1146 976 1325 1043 distinctas

178 1090 334 1160 haberet.
368 1120 384 1153 «
415 1092 510 1161 Etles
540 1099 626 1160 vont
650 1099 763 1169 toutes
792 1094 1037 1161 contusement
1071 1091 1252 1175 bl'infini,
1281 1114 1326 1158 au

181 1235 197 1270 «
223 1212 319 1290 tout;
355 1209 444 1275 mais
478 1208 563 1276 elles
599 1215 679 1276 sont
703 1209 853 1276 limitees
885 1214 919 1276 et
943 1209 1158 1298 distingudes
1190 1207 1325 1297 parles

179 1352 196 1385 «
223 1322 344 1411 degres
374 1322 433 1391 des
466 1326 685 1413 perceptions
720 1325 931 1392 distinctos¹.
959 1353 974 1386 »
1009 1324 1110 1404 Quod
1144 1323 1325 1390 confirmat

176 1438 374 1508 Leibnitius
409 1463 489 1507 cum
524 1440 645 1508 scribit
676 1462 683 1507 :
716 1469 731 1502 a
762 1440 791 1506 li
818 1447 870 1507 est
899 1442 972 1507 vrai
1002 1463 1070 1529 que
1099 1439 1255 1527 i'appetit
1281 1462 1324 1506 ne

175 1583 192 1617 «
221 1557 353 1623 saurait
371 1555 532 1646 toujours
553 1556 716 1645 parvenir
730 1558 751 1622 d
767 1569 858 1623 toute
882 1556 916 1622 to
925 1555 1121 1646 perception
1137 1558 1180 1620 oct
1193 1554 1222 1620 il
1231 1554 1322 1632 tend,

177 1698 195 1735 a
221 1666 350 1738 maisit
371 1694 416 1739 en
433 1671 568 1739 obtient
582 1673 741 1762 toujours
768 1673 919 1762 quelque
945 1672 1048 1738 chose
1070 1677 1103 1736 et
1123 1670 1323 1761 parvientb

176 1814 193 1849 «
220 1787 281 1854 des
311 1788 531 1876 perceptions
563 1787 780 1855 nouvelles³.
802 1814 817 1848 »
845 1788 935 1876 Ergo
961 1809 1043 1854 cum
1075 1786 1118 1852 ad
1145 1786 1324 1853 infinitum

176 1902 308 1979 tendat,
332 1903 453 1970 Monas
476 1926 624 1993 quaeque
650 1902 696 1969 ad
717 1904 979 1992 perceptionem
1004 1902 1161 1970 absolute
1183 1901 1323 1970 distinc-

173 2022 246 2086 tam
261 2019 443 2107 pervenire
455 2026 612 2087 conatur.
629 2020 717 2088 Cum
733 2019 839 2110 igitur
850 2019 969 2086 Monas
986 2040 1133 2108 quaeque
1146 2019 1184 2085 in
1201 2019 1323 2108 primis

174 2135 397 2224 perceptione
427 2142 574 2221 constet,
599 2136 675 2226 ejus
702 2136 897 2226 appetitum
915 2135 1152 2217 contusarum,
1184 2140 1223 2201 ut
1254 2134 1321 2201 dis-

172 2250 289 2318 tinorae
310 2250 395 2318 fiant
409 2252 674 2342 perceptionum
696 2257 862 2319 conatum
885 2252 1010 2319 merito
1030 2250 1198 2319 dicemus
1216 2250 1317 2330 Nam,

173 2364 239 2433 hac
272 2388 343 2433 uua
377 2367 419 2434 de
449 2389 554 2433 causa
585 2368 829 2433 tantummodo
859 2367 993 2433 exsistit
1022 2366 1196 2454 appetitus
1227 2363 1321 2453 quod

171 2480 242 2548 illae
257 2482 495 2572 perceptiones
515 2505 592 2572 quae
615 2505 754 2573 quaque
775 2483 812 2548 in
833 2480 979 2548 Monade
1000 2480 1156 2548 obscurae
1179 2484 1262 2547 suut
1287 2485 1320 2545 et

171 2597 272 2687 quasi
298 2597 337 2662 in
369 2603 480 2665 semet
515 2598 724 2680 convolutae,
756 2605 929 2665 conantur
961 2602 1000 2664 ut
1035 2596 1205 2664 distinctae
1234 2595 1318 2661 fiant

168 2718 273 2803 atque
298 2713 479 2781 dehiscant
506 2719 540 2781 ot
570 2715 798 2803 explicentur.

214 2827 300 2909 Quae
328 2850 408 2896 cum
435 2830 483 2896 ita
514 2831 596 2912 sint,
632 2852 815 2920 perperam
845 2830 918 2897 Deo
947 2828 1162 2896 Leibnitium
1192 2826 1319 2894 volun-

168 2949 277 3012 tatem
290 2944 456 3012 tribuisse
473 2945 712 3013 confitendum
729 2951 791 3013 est.

214 3060 367 3130 Omnino
384 3063 478 3129 enim
500 3062 688 3152 perfectam
706 3063 820 3130 Deum
841 3085 916 3130 esse
932 3062 1113 3130 Monadem
1127 3061 1313 3129 existimat.

167 3177 255 3246 Cum
275 3183 392 3246 autem
412 3178 645 3269 perceptionis
665 3178 830 3266 gradibus
854 3179 981 3266 gradus
1002 3178 1223 3268 perfectionis
1243 3199 1316 3244 res-

167 3294 359 3385 pondeant,
384 3300 425 3362 ut
443 3295 640 3363 absolutam
662 3295 921 3385 perfectionem,
946 3295 995 3361 sic
1017 3294 1161 3361 omnino
1186 3293 1315 3361 claram

166 3431 206 3477 ac
227 3409 427 3478 distinctam
452 3413 707 3503 perceptionem
729 3413 842 3479 Deum
868 3432 942 3477 esse
967 3415 1080 3498 putat;
1110 3415 1214 3498 atque
1240 3409 1314 3498 ipse

165 3526 320 3616 scripsit;
343 3528 471 3618 quippe
499 3529 557 3616 qui
579 3528 691 3595 Deum
711 3555 726 3587 «
749 3533 865 3593 aetum
885 3548 1012 3616 purum
1036 3554 1052 3587 »
1077 3530 1111 3592 et
1130 3524 1313 3591 Monadem

165 3644 311 3711 omnino
326 3644 533 3733 explicatam
549 3643 718 3725 nominet,
733 3665 846 3732 neque
862 3642 972 3709 ultam
988 3634 1061 3709 rem
1073 3641 1141 3708 nisi
1158 3642 1248 3708 clare
1264 3648 1313 3706 at-

163 3779 233 3847 que
253 3758 416 3826 distincte
432 3780 512 3825 eum
530 3759 706 3850 percipere
729 3758 925 3826 contendat.
945 3759 1059 3848 Atque
1079 3755 1312 3824 minimeobs-

164 3895 291 3941 curum
315 3873 454 3942 videtur
478 3874 564 3941 illud
594 3874 775 3964 principiis
805 3897 883 3964 quae
909 3895 971 3962 pro
1000 3874 1091 3941 veris
1114 3871 1311 3938 Leibnitius

164 3989 298 4078 accepit
313 3989 503 4057 admodum
519 4012 594 4056 esse
610 3996 897 4058 consentaneum.
912 3989 1081 4078 Namque,
1098 3992 1132 4053 et
1146 3986 1311 4052 Monados

194 4205 216 4254 1.
230 4204 269 4252 De
280 4203 375 4267 primae
389 4202 824 4266 partos.e1›2.0n‹tarione.Geram.
840 4203 880 4253 tt'.
899 4218 922 4264 p.
943 4203 995 4250 tsstt.

192 4286 215 4332 2.
232 4283 424 4345 Monadotoqr'e.
437 4298 494 4348 par.
507 4286 546 4332 ut).

192 4366 213 4411 3.
231 4363 374 4427 ΙἰΞ,Ι..ρατ.
394 4366 432 4412 15.
