2964 4988
178 368 211 420 58
444 367 490 420 DE
515 366 710 422 LIBERTATE
735 368 827 424 APUD
852 367 1055 423 LEIBNITlUM

178 540 320 585 versum
336 521 435 608 eujus
452 518 509 585 illa
526 542 603 608 pars
618 521 661 585 sit
677 542 793 587 creare
808 520 915 602 velit3
938 543 1018 610 ergo
1034 518 1148 586 omnis
1164 518 1321 585 Monadis

178 656 255 723 quae
271 634 411 724 quidem
432 634 522 702 clare
538 658 577 703 11
596 636 758 704 distincte
778 636 947 728 percipiat
963 637 1117 703 actiones
1129 657 1258 725 magna
1282 657 1323 702 ex

178 755 274 841 parte
290 773 332 818 ex
348 750 423 841 ejus
434 756 558 819 natura
572 751 739 844 pendere,
757 754 874 842 itaque
887 775 976 835 eam,
992 758 1164 842 quatenus
1176 750 1268 818 clare
1284 773 1323 818 11

178 866 337 933 distincte
353 868 532 956 percipiat,
551 891 651 959 agere
667 868 866 936 acliberam
882 869 949 937 dici
966 890 1066 957 posse
1080 889 1087 950 ;
1108 871 1323 935 cumcontra

177 985 297 1050 Monas
319 983 452 1073 quaevis
476 983 567 1051 nihil
587 984 653 1050 nisi
676 984 818 1052 confuse
839 985 1020 1075 percipiat,
1039 1007 1110 1051 non
1134 984 1218 1072 quia
1240 982 1322 1051 talis

177 1100 222 1164 sit
246 1121 321 1166 eam
351 1123 371 1166 a
403 1100 475 1168 Deo
506 1107 660 1168 creatam
689 1124 775 1183 esse,
798 1100 859 1168 sed
885 1101 978 1190 quia,
995 1106 1035 1167 ut
1059 1100 1137 1167 11111
1157 1098 1322 1166 Monades

178 1216 395 1299 exsisterent,
418 1239 559 1284 necesse
586 1218 653 1284 fuit
674 1217 735 1285 illa
759 1217 961 1299 exsisteret;
984 1239 1063 1284 cum
1086 1216 1193 1306 igitur
1212 1238 1284 1282 non
1303 1238 1324 1283 1

177 1353 251 1413 sua,
281 1330 341 1398 sed
362 1329 405 1398 ab
429 1332 578 1399 aliarum
606 1338 730 1400 natura
753 1332 943 1401 Monadum
967 1333 1121 1401 actiones
1146 1330 1222 1422 ejus
1238 1353 1324 1422 pen-

176 1447 293 1530 deant,
316 1469 393 1514 eam
419 1448 502 1537 pati,
525 1470 589 1516 nec
611 1448 756 1516 liberam
780 1449 848 1517 diei
869 1471 982 1538 posse.
1000 1447 1198 1530 —Quibus
1218 1446 1322 1514 rebus

176 1563 311 1654 positis,
333 1585 394 1630 cur
411 1564 608 1632 Leihnitius
629 1565 780 1632 libertati
795 1565 1074 1655 intellegentiam
1093 1564 1323 1631 necessariam

177 1702 252 1747 esse
266 1680 416 1747 affirmet
431 1680 611 1749 enucleate
628 1682 849 1771 perspicitur.
866 1681 931 1748 Illa
945 1681 1039 1748 enim
1052 1685 1189 1748 tantum
1202 1679 1322 1747 Monas

177 1795 420 1886 intellegentia
435 1797 579 1886 praedita
594 1797 662 1864 dici
679 1803 792 1886 potest
806 1820 883 1887 quae
899 1797 1012 1865 111111
1025 1802 1128 1887 atque
1142 1796 1324 1865 distinctas

180 1913 419 2002 perceptiones
435 1912 578 1996 111111;
597 1936 679 1980 nam
699 1913 849 2003 Spiritus
865 1913 931 1980 soli
947 1913 1081 2002 aliquid
1096 1913 1321 2002 intellegunt,

178 2029 238 2118 qui
253 2050 273 2094 a
292 2026 498 2095 Monadibus
511 2029 634 2095 ceteris
650 2028 715 2097 111
731 2052 801 2096 una
821 2051 858 2096 re
874 2029 1004 2095 distant
1024 2028 1115 2119 quod
1136 2007 1320 2114 rationem,
1348 2057 1351 2060 ’

177 2143 212 2210 id
240 2149 291 2210 est
318 2143 428 2211 claras
456 2151 560 2234 atque
593 2144 773 2212 distinctas
805 2144 1045 2236 perceptiones
1078 2144 1219 2213 habeut.
1257 2145 1324 2216 Ubi

55 2305 57 2310 -
177 2259 283 2349 igitur
299 2259 551 2351 intellegentia,
569 2260 617 2328 ibi
633 2260 785 2345 libertas,
803 2282 885 2327 nam
907 2260 953 2328 ibi
972 2262 1093 2328 «actio
1116 2289 1132 2323 »
1149 2268 1212 2328 est.
1236 2261 1323 2329 Cum

176 2382 294 2443 autem
309 2376 428 2442 Monas
444 2376 586 2465 quaeviS,
610 2375 800 2444 dummodo
813 2375 1064 2468 intellegentia,
1076 2377 1109 2445 id
1126 2384 1177 2446 est
1192 2378 1324 2447 ratione

177 2493 311 2582 privata
338 2492 394 2576 sit,
408 2497 607 2582 ‘nunquam
629 2499 720 2582 agat,
746 2516 883 2584 semper
904 2516 987 2564 vero
1015 2522 1030 2556 r<
1055 2494 1208 2583 patiatur
1231 2521 1262 2578 »,
1284 2518 1325 2563 11

177 2608 275 2676 11111
291 2606 394 2675 modo
414 2608 523 2676 libera
537 2609 606 2675 nisi
622 2631 804 2700 perperam
823 2609 891 2678 dici
908 2616 1033 2701 potest.

221 2843 312 2932 Ergo
326 2864 406 2910 cum
423 2840 543 2909 eadem
559 2842 596 2909 in
610 2841 777 2909 ‘omnibus
793 2842 999 2909 Monadibus
1011 2843 1057 2909 sit
1072 2845 1321 2932 spontaneitas,

179 2960 330 3047 solaequc
353 2957 554 3025 substantiae
577 2958 780 3025 exsistentes
805 2958 969 3026 Monades
988 2960 1069 3044 sint,
1092 2961 1152 3050 qui
1173 2983 1228 3028 res
1248 2983 1325 3050 quae

178 3077 215 3143 in
235 3073 367 3141 mundo
388 3073 471 3140 fiant
492 3073 695 3141 mechanica
717 3078 853 3140 tantum
873 3074 946 3142 fieri
962 3075 1107 3166 judicat,
1130 3076 1160 3142 is
1185 3097 1325 3164 percep-

101 3173 103 3177 *
180 3198 297 3259 torum
317 3190 628 3281 phaenomenorum
651 3191 851 3281 apparentia
870 3177 1052 3280 decipitur.
1075 3192 1164 3258 Nam
1185 3188 1324 3256 mecha-

179 3297 266 3374 11111
293 3306 416 3373 mundi
438 3307 602 3390 actiones,
630 3313 668 3374 ut
689 3308 737 3374 ita
761 3308 888 3392 dicam,
912 3306 1063 3374 morales
1087 3304 1323 3394 spiritualium

179 3423 369 3490 Monadum
394 3423 548 3523 actiones
566 3423 779 3512 exprimunt.
809 3423 898 3491 Solae
925 3426 1041 3489 autem
1062 3419 1224 3486 Monades
1246 3399 1346 3509 quae‘

181 3539 333 3628 Spiritus
356 3537 423 3606 dici
446 3539 604 3621 debeant,
627 3539 815 3607 1111111111
835 3538 994 3628 judicent
1018 3540 1052 3603 et
1074 3536 1325 3604 ratiocinemur

168 3641 214 3722 'et
229 3653 432 3736 deliberent,
450 3676 532 3722 vere
546 3653 664 3722 liberer,
677 3654 745 3722 dici
761 3659 927 3744 possunt:
939 3658 1062 3721 ceterae
1077 3658 1202 3720 contra
1217 3652 1325 3720 haud·

181 3769 359 3863 quaquam
370 3770 516 3837 nomine
530 3769 701 3838 libertatis
717 3771 840 3860 dignae.
