2964 4988
196 396 230 448 72
462 395 509 448 DE
533 393 724 449 LIBERTATE
747 395 842 449 APUD
867 394 1069 449 LEIBNITIUM

195 546 352 613 dolorem
369 569 442 613 esse
458 545 549 614 velle
569 546 692 635 potuit,
711 551 972 613 mmeramme
992 567 1042 612 un
1064 566 1192 634 moyen
1211 565 1338 633 propre

100 733 103 736 ,
196 688 211 722 «
238 667 339 729 aune
351 662 407 743 tin,
425 661 632 729 c'est-a-dire
647 684 734 752 pour
745 661 929 749 empecher
945 661 986 728 de
1002 660 1080 749 ptus
1090 659 1219 751 grands
1233 681 1339 726 maux

198 806 212 838 u
239 799 284 843 ou
317 800 403 868 pour
433 776 572 844 obtenir
598 776 639 843 de
667 776 744 865 plus
772 775 899 866 grands
928 775 1048 844 hiens¹
1065 800 1081 841 a
1113 781 1188 842 tum
1217 797 1340 842 rursus

197 919 214 955 «
239 915 375 959 comme
395 915 465 960 une
478 893 580 983 peine
594 892 660 960 due
682 898 786 959 tune
806 894 951 982 coulpe¹
968 919 984 954 a
1003 893 1118 981 Atque
1131 914 1151 958 a
1165 890 1338 978 vitupera-

194 1008 289 1074 tione
306 1008 449 1074 omuino
474 1008 595 1075 abesse
619 1010 713 1075 Deus
728 1008 878 1090 videtur,
897 1014 930 1075 et
953 1007 982 1075 si
1004 1005 1176 1098 quosdam
1201 1004 1336 1072 dotores

193 1123 359 1190 exsistere
380 1124 530 1191 voluerit
551 1130 590 1191 nt
609 1123 743 1213 majora
764 1125 834 1190 sint
855 1124 958 1207 hona,
981 1129 1015 1192 et
1038 1123 1080 1205 si,
1104 1145 1183 1190 cum
1205 1121 1339 1188 malum

193 1239 324 1305 morale
339 1239 530 1323 exsisteret,
548 1238 581 1306 id
596 1240 710 1336 puniri
725 1240 858 1307 bonum
875 1262 948 1306 esse
957 1239 1180 1329 judicaverit.
1240 1302 1247 1310 .

237 1355 365 1421 Morate
391 1377 493 1443 porro
527 1355 674 1437 malum,
706 1355 803 1422 salva
836 1356 1038 1446 integraque
1072 1354 1136 1422 Dei
1171 1353 1338 1433 bonitate,

194 1469 360 1558 explicari
388 1493 488 1559 posse
520 1471 714 1538 Leibnitius
749 1471 954 1538 confirmare
985 1494 1057 1537 non
1084 1468 1231 1537 dubitat.
1263 1468 1340 1535 Non

193 1584 334 1675 quidem
351 1585 483 1653 morale
500 1585 632 1653 malum
651 1609 807 1677 unquam
822 1587 990 1670 voluisse,
1005 1586 1095 1653 sed«
1116 1584 1312 1653 admisisse.
1323 1612 1338 1645 »

191 1708 293 1790 atque
316 1729 331 1764 «
351 1701 549 1793 permisisse
565 1713 574 1744 ¹
592 1731 607 1764 a
632 1704 744 1770 Deum
759 1703 948 1770 contendit.
971 1703 1070 1792 Saepe
1091 1702 1186 1769 enim
1210 1699 1342 1767 morale

194 1816 326 1883 malum
362 1818 496 1907 aliquid
531 1818 613 1886 boni
644 1818 834 1909 cujusdam¹
865 1819 1107 1886 condicionem
1142 1840 1228 1885 esse.
1265 1818 1343 1882 Non

194 1939 311 1998 tamen
344 1933 426 1999 satis
456 1935 563 2001 tuisse
590 1939 630 2002 ut
658 1935 751 2001 Deus
781 1934 816 2002 id
842 1934 976 2001 malum
1006 1933 1113 2002 vellet
1145 1932 1201 2000 vel
1235 1933 1339 1999 etiam

195 2048 358 2114 exsistere
376 2049 603 2136 permitteret.
627 2051 694 2116 Sed
708 2056 747 2116 ut
762 2057 873 2117 certos
885 2073 959 2116 esse
971 2050 1121 2138 casusjn
1136 2046 1263 2139 quibus
1278 2070 1343 2114 nos

195 2168 375 2252 peccatum
416 2166 527 2232 vitare
562 2165 631 2231 nisi
679 2164 852 2254 peccando
888 2188 959 2232 non
1005 2165 1188 2255 possimuS,
1226 2163 1274 2230 ita
1308 2169 1341 2228 et

195 2277 363 2367 quasdam
373 2301 448 2346 esse
464 2281 665 2347 occasiones
678 2280 817 2371 quando
831 2281 965 2348 malum
974 2280 1106 2348 morale
1122 2280 1230 2347 vitare
1246 2280 1340 2346 Deus

194 2416 266 2460 non
298 2395 468 2483 potuisset
504 2397 575 2463 nisi
616 2397 730 2487 majus
769 2399 875 2464 etiam
915 2396 1091 2487 quoddam
1128 2396 1365 2486 permisisset

195 2511 362 2595 malnm⁴,
388 2512 470 2601 quia
490 2519 548 2580 aut
572 2512 745 2580 mundum
765 2536 836 2580 non
861 2512 1061 2590 creavisset,
1080 2518 1138 2579 aut
1162 2534 1235 2578 non
1257 2512 1346 2601 epti-

196 2647 294 2691 mum
317 2627 457 2695 fecisset
483 2629 702 2696 universum.
729 2627 1135 2715 Unde'conctudendum
1155 2628 1192 2693 in
1212 2626 1345 2694 munde

196 2739 274 2806 ideo
306 2746 443 2809 tantum
471 2745 603 2810 morale
631 2745 795 2811 exsistere
828 2744 962 2810 malum
995 2745 1108 2810 Deum
1142 2743 1344 2832 permisisse

197 2856 302 2944 quod,
321 2858 388 2924 nisi
404 2859 631 2947 permisisset,
649 2859 763 2949 majus
785 2860 889 2926 etiam
908 2858 1094 2926 accidisset
1109 2859 1243 2927 malum
1260 2871 1281 2926 ⁶.

241 2971 353 3060 Igitur
368 2996 590 3064 nequaquam
606 2974 857 3066 vituperandus
875 2980 928 3042 est
941 2977 1035 3043 Deus
1051 2975 1145 3064 qued
1160 2977 1196 3041 in
1214 2974 1346 3042 mundo

197 3091 231 3152 et
247 3089 527 3180 metaphysicum
544 3098 576 3157 et
588 3091 774 3181 physicum
791 3098 824 3158 et
838 3091 971 3158 morale
983 3091 1117 3159 malum
1135 3091 1343 3180 reperiatur;

197 3227 261 3272 nee
291 3204 438 3273 dubium
467 3207 567 3296 quin,
595 3207 624 3272 si
653 3208 835 3296 potuisset,
868 3207 1051 3298 optimum,
1073 3206 1166 3273 malo
1194 3201 1343 3284 sublate,

197 3321 371 3388 mundum
401 3323 539 3390 fecisset
560 3345 567 3390 :
591 3324 776 3392 manifesto
800 3331 919 3391 autem
945 3346 1018 3390 non
1047 3320 1169 3410 potuit,
1192 3317 1346 3408 quando-

198 3437 341 3526 quidem
369 3437 405 3503 in
425 3439 605 3505 exsistenti
626 3439 758 3506 mundo
779 3441 913 3507 malum
934 3445 996 3505 est.
1020 3438 1108 3503 Nam
1124 3457 1205 3502 cum
1227 3439 1347 3500 noster

199 3553 343 3619 exsistat
362 3552 515 3619 mundus
531 3564 634 3643 atque
655 3554 697 3622 ab
720 3557 852 3645 optimo
870 3555 942 3620 Deo
964 3553 1074 3618 faetus
1091 3552 1148 3635 sit,
1165 3550 1348 3638 haudqua-

199 3690 305 3757 quam
317 3667 539 3734 infitiandum
557 3669 693 3737 videtur
710 3672 795 3760 quin
816 3673 968 3760 optimus
985 3668 1041 3734 sit.
1329 3666 1331 3669 ’

231 3840 254 3887 1.
272 3837 369 3886 Theou.
384 3837 472 3900 seru,
486 3840 505 3887 t.
522 3839 564 3898 Vl,
578 3853 604 3902 p.
623 3840 675 3887 116.

230 3921 254 3966 2.
270 3918 336 3966 ibid.

231 4002 253 4047 3.
268 3997 346 4058 ibid,
364 4012 393 4062 p.
407 4001 460 4047 ru.
476 3999 545 4048 Dise.
562 4001 595 4048 de
607 3999 723 4064 metaph.
738 4000 827 4059 Geth,
839 4002 858 4050 t.
871 3999 914 4060 IV,
930 4014 955 4063 p.
971 4001 1024 4047 432.

231 4083 255 4128 t.
271 4078 338 4127 raia.
351 4079 442 4140 Geth,
458 4082 477 4129 t.
494 4080 537 4143 Vl,
553 4095 580 4144 p.
597 4082 653 4129 381.

232 4161 253 4207 5.
271 4178 282 4201 «
300 4159 445 4209 Peccatum
465 4174 527 4223 erge
549 4161 697 4210 voluntatis
718 4160 815 4210 dirime
836 4160 1004 4223 permissive
1025 4159 1162 4221 objectum
1185 4160 1234 4218 est,
1250 4171 1305 4205 non
1319 4159 1350 4206 ut

201 4259 212 4284 a
227 4238 300 4299 finis,
313 4239 398 4288 imme
415 4253 464 4288 nee
477 4244 507 4289 ut
523 4239 650 4302 medium,
665 4240 713 4291 sed
725 4244 832 4291 tantum
846 4243 877 4291 ut
897 4239 1020 4290 condicio
1036 4240 1095 4288 sine
1110 4252 1164 4300 que
1176 4251 1232 4286 non
1247 4239 1350 4300 poterat

201 4339 212 4362 «
229 4319 362 4381 optimum
378 4319 504 4379 obtineri,
518 4335 567 4369 seu
579 4324 708 4383 tauquam
721 4320 749 4370 id
761 4335 814 4383 quo
830 4335 886 4370 non
900 4319 1017 4369 admisso
1033 4320 1103 4368 Deus
1119 4317 1260 4381 sapientire
1272 4315 1349 4364 boui·

202 4417 214 4443 a
228 4398 332 4462 tatique
347 4413 403 4448 sure
419 4414 533 4450 summae
545 4414 600 4450 nou
618 4401 803 4452 satisfecisset.
821 4422 832 4445 υ
849 4401 937 4461 Gerh.,
953 4403 970 4450 t.
985 4401 1031 4461 111,
1048 4416 1073 4462 p.
1090 4400 1129 4448 33.
