<?xml version="1.0" encoding="UTF-8"?>
<!DOCTYPE html PUBLIC "-//W3C//DTD XHTML 1.0 Transitional//EN"
    "http://www.w3.org/TR/xhtml1/DTD/xhtml1-transitional.dtd">
<html xmlns="http://www.w3.org/1999/xhtml" xml:lang="en" lang="en">
 <head>
  <title>
</title>
<meta http-equiv="Content-Type" content="text/html;charset=utf-8" />
  <meta name='ocr-system' content='tesseract 3.04.00' />
  <meta name='ocr-capabilities' content='ocr_page ocr_carea ocr_par ocr_line ocrx_word'/>
</head>
<body>
  <div class='ocr_page' id='page_1' title='image "./delibertateapud00cresgoog_0084.png"; bbox 0 0 2964 4988; ppageno 0'>
   <div class='ocr_carea' id='block_1_1' title="bbox 376 380 1309 511">
    <p class='ocr_par' dir='ltr' id='par_1_1' title="bbox 376 380 1309 511">
     <span class='ocr_line' id='line_1_1' title="bbox 376 380 1309 446; baseline 0.002 -12"><span class='ocrx_word' id='word_1_1' title='bbox 376 380 536 436; x_wconf 73' lang='lat' dir='ltr'>Monstra</span> <span class='ocrx_word' id='word_1_2' title='bbox 559 381 676 446; x_wconf 84' lang='lat' dir='ltr'><strong>ATQUE</strong></span> <span class='ocrx_word' id='word_1_3' title='bbox 699 381 921 437; x_wconf 85' lang='lat' dir='ltr'>THEOLOGICA</span> <span class='ocrx_word' id='word_1_4' title='bbox 945 381 1097 437; x_wconf 75' lang='lat' dir='ltr'>antbert</span> <span class='ocrx_word' id='word_1_5' title='bbox 1276 385 1309 436; x_wconf 84' lang='lat'>73</span> 
     </span>
     <span class='ocr_line' id='line_1_2' title="bbox 570 476 584 511; baseline 0 0"><span class='ocrx_word' id='word_1_6' title='bbox 570 476 584 511; x_wconf 75' lang='lat' dir='ltr'>s</span> 
     </span>
    </p>
   </div>
   <div class='ocr_carea' id='block_1_2' title="bbox 87 531 1366 4211">
    <p class='ocr_par' dir='ltr' id='par_1_2' title="bbox 163 531 1316 2128">
     <span class='ocr_line' id='line_1_3' title="bbox 208 531 1311 623; baseline 0.004 -27"><span class='ocrx_word' id='word_1_7' title='bbox 208 531 298 620; x_wconf 87' lang='lat' dir='ltr'>Ergo</span> <span class='ocrx_word' id='word_1_8' title='bbox 313 553 384 598; x_wconf 92' lang='lat' dir='ltr'>non</span> <span class='ocrx_word' id='word_1_9' title='bbox 398 555 419 598; x_wconf 90' lang='lat' dir='ltr'>a</span> <span class='ocrx_word' id='word_1_10' title='bbox 434 532 506 599; x_wconf 90' lang='lat' dir='ltr'>Deo</span> <span class='ocrx_word' id='word_1_11' title='bbox 523 531 655 599; x_wconf 90' lang='lat' dir='ltr'>malum</span> <span class='ocrx_word' id='word_1_12' title='bbox 671 531 793 614; x_wconf 88' lang='lat' dir='ltr'>oritur,</span> <span class='ocrx_word' id='word_1_13' title='bbox 812 531 873 599; x_wconf 90' lang='lat' dir='ltr'>scd</span> <span class='ocrx_word' id='word_1_14' title='bbox 890 531 932 600; x_wconf 90' lang='lat' dir='ltr'>ab</span> <span class='ocrx_word' id='word_1_15' title='bbox 953 533 1115 623; x_wconf 80' lang='lat' dir='ltr'>originali</span> <span class='ocrx_word' id='word_1_16' title='bbox 1135 540 1311 600; x_wconf 88' lang='lat' dir='ltr'>creatura-</span> 
     </span>
     <span class='ocr_line' id='line_1_4' title="bbox 164 634 1311 739; baseline 0.001 -27"><span class='ocrx_word' id='word_1_17' title='bbox 164 668 243 713; x_wconf 86' lang='lat' dir='ltr'>rum</span> <span class='ocrx_word' id='word_1_18' title='bbox 259 634 521 736; x_wconf 85' lang='lat' dir='ltr'>imperlectione</span> <span class='ocrx_word' id='word_1_19' title='bbox 541 670 628 737; x_wconf 88' lang='lat' dir='ltr'>quas</span> <span class='ocrx_word' id='word_1_20' title='bbox 648 647 713 714; x_wconf 92' lang='lat' dir='ltr'>hac</span> <span class='ocrx_word' id='word_1_21' title='bbox 732 671 803 715; x_wconf 91' lang='lat' dir='ltr'>una</span> <span class='ocrx_word' id='word_1_22' title='bbox 824 648 864 715; x_wconf 95' lang='lat' dir='ltr'>de</span> <span class='ocrx_word' id='word_1_23' title='bbox 887 671 992 715; x_wconf 89' lang='lat' dir='ltr'>causa</span> <span class='ocrx_word' id='word_1_24' title='bbox 1013 653 1118 731; x_wconf 89' lang='lat' dir='ltr'>creat,</span> <span class='ocrx_word' id='word_1_25' title='bbox 1137 649 1230 739; x_wconf 92' lang='lat' dir='ltr'>quod</span> <span class='ocrx_word' id='word_1_26' title='bbox 1253 671 1311 715; x_wconf 89' lang='lat' dir='ltr'>eas</span> 
     </span>
     <span class='ocr_line' id='line_1_5' title="bbox 164 763 1311 855; baseline 0.002 -27"><span class='ocrx_word' id='word_1_27' title='bbox 164 763 200 829; x_wconf 93' lang='lat' dir='ltr'>in</span> <span class='ocrx_word' id='word_1_28' title='bbox 216 763 441 853; x_wconf 89' lang='lat' dir='ltr'>possibilibus</span> <span class='ocrx_word' id='word_1_29' title='bbox 458 769 579 852; x_wconf 91' lang='lat' dir='ltr'>sponte</span> <span class='ocrx_word' id='word_1_30' title='bbox 596 786 659 830; x_wconf 90' lang='lat' dir='ltr'>sua</span> <span class='ocrx_word' id='word_1_31' title='bbox 670 764 719 831; x_wconf 92' lang='lat' dir='ltr'>sic</span> <span class='ocrx_word' id='word_1_32' title='bbox 734 769 875 853; x_wconf 79' lang='lat' dir='ltr'>agentes</span> <span class='ocrx_word' id='word_1_33' title='bbox 891 764 1066 855; x_wconf 80' lang='lat' dir='ltr'>prospicit,</span> <span class='ocrx_word' id='word_1_34' title='bbox 1083 770 1122 832; x_wconf 89' lang='lat' dir='ltr'>ut</span> <span class='ocrx_word' id='word_1_35' title='bbox 1136 788 1178 832; x_wconf 85' lang='lat' dir='ltr'>ex</span> <span class='ocrx_word' id='word_1_36' title='bbox 1191 787 1311 831; x_wconf 91' lang='lat' dir='ltr'>earum</span> 
     </span>
     <span class='ocr_line' id='line_1_6' title="bbox 164 866 1312 968; baseline 0.001 -23"><span class='ocrx_word' id='word_1_37' title='bbox 164 879 343 945; x_wconf 90' lang='lat' dir='ltr'>actionum</span> <span class='ocrx_word' id='word_1_38' title='bbox 364 902 503 946; x_wconf 88' lang='lat' dir='ltr'>summa</span> <span class='ocrx_word' id='word_1_39' title='bbox 523 879 697 968; x_wconf 87' lang='lat' dir='ltr'>optimum</span> <span class='ocrx_word' id='word_1_40' title='bbox 719 890 950 968; x_wconf 81' lang='lat' dir='ltr'>componatur</span> <span class='ocrx_word' id='word_1_41' title='bbox 970 866 1189 950; x_wconf 76' lang='lat' dir='ltr'>universnm.</span> <span class='ocrx_word' id='word_1_42' title='bbox 1213 881 1258 949; x_wconf 92' lang='lat' dir='ltr'>Ut</span> <span class='ocrx_word' id='word_1_43' title='bbox 1276 879 1312 946; x_wconf 94' lang='lat' dir='ltr'>in</span> 
     </span>
     <span class='ocr_line' id='line_1_7' title="bbox 163 977 1313 1084; baseline 0.002 -24"><span class='ocrx_word' id='word_1_44' title='bbox 163 995 309 1061; x_wconf 91' lang='lat' dir='ltr'>flumine</span> <span class='ocrx_word' id='word_1_45' title='bbox 326 1006 451 1061; x_wconf 87' lang='lat' dir='ltr'>naves¹</span> <span class='ocrx_word' id='word_1_46' title='bbox 474 994 592 1083; x_wconf 92' lang='lat' dir='ltr'>plures</span> <span class='ocrx_word' id='word_1_47' title='bbox 607 995 685 1062; x_wconf 83' lang='lat' dir='ltr'>aliae</span> <span class='ocrx_word' id='word_1_48' title='bbox 707 977 872 1084; x_wconf 69' lang='lat' dir='ltr'>rapidius</span> <span class='ocrx_word' id='word_1_49' title='bbox 891 996 968 1063; x_wconf 86' lang='lat' dir='ltr'>aliae</span> <span class='ocrx_word' id='word_1_50' title='bbox 990 995 1136 1079; x_wconf 70' lang='lat' dir='ltr'>tardius</span> <span class='ocrx_word' id='word_1_51' title='bbox 1160 994 1313 1063; x_wconf 89' lang='lat' dir='ltr'>secunda</span> 
     </span>
     <span class='ocr_line' id='line_1_8' title="bbox 165 1109 1313 1201; baseline -0.001 -24"><span class='ocrx_word' id='word_1_52' title='bbox 165 1133 255 1199; x_wconf 86' lang='lat' dir='ltr'>aqua</span> <span class='ocrx_word' id='word_1_53' title='bbox 271 1109 489 1196; x_wconf 84' lang='lat' dir='ltr'>deteruntur,</span> <span class='ocrx_word' id='word_1_54' title='bbox 511 1133 574 1178; x_wconf 90' lang='lat' dir='ltr'>nec</span> <span class='ocrx_word' id='word_1_55' title='bbox 597 1113 753 1178; x_wconf 85' lang='lat' dir='ltr'>fluminis</span> <span class='ocrx_word' id='word_1_56' title='bbox 779 1112 957 1201; x_wconf 88' lang='lat' dir='ltr'>rapiditas,</span> <span class='ocrx_word' id='word_1_57' title='bbox 976 1111 1036 1179; x_wconf 91' lang='lat' dir='ltr'>sed</span> <span class='ocrx_word' id='word_1_58' title='bbox 1060 1113 1205 1179; x_wconf 89' lang='lat' dir='ltr'>navium</span> <span class='ocrx_word' id='word_1_59' title='bbox 1225 1133 1313 1201; x_wconf 91' lang='lat' dir='ltr'>pon-</span> 
     </span>
     <span class='ocr_line' id='line_1_9' title="bbox 167 1224 1312 1317; baseline 0.003 -26"><span class='ocrx_word' id='word_1_60' title='bbox 167 1224 248 1292; x_wconf 91' lang='lat' dir='ltr'>dera</span> <span class='ocrx_word' id='word_1_61' title='bbox 264 1249 370 1294; x_wconf 88' lang='lat' dir='ltr'>causa</span> <span class='ocrx_word' id='word_1_62' title='bbox 385 1233 467 1294; x_wconf 90' lang='lat' dir='ltr'>sunt</span> <span class='ocrx_word' id='word_1_63' title='bbox 482 1250 545 1295; x_wconf 88' lang='lat' dir='ltr'>cur</span> <span class='ocrx_word' id='word_1_64' title='bbox 563 1227 639 1295; x_wconf 81' lang='lat' dir='ltr'>aliae</span> <span class='ocrx_word' id='word_1_65' title='bbox 655 1228 723 1295; x_wconf 89' lang='lat' dir='ltr'>alia</span> <span class='ocrx_word' id='word_1_66' title='bbox 740 1228 914 1295; x_wconf 90' lang='lat' dir='ltr'>celeritate</span> <span class='ocrx_word' id='word_1_67' title='bbox 934 1230 1124 1317; x_wconf 84' lang='lat' dir='ltr'>agitentur,</span> <span class='ocrx_word' id='word_1_68' title='bbox 1148 1229 1197 1295; x_wconf 89' lang='lat' dir='ltr'>sic</span> <span class='ocrx_word' id='word_1_69' title='bbox 1217 1229 1312 1295; x_wconf 87' lang='lat' dir='ltr'>Deus</span> 
     </span>
     <span class='ocr_line' id='line_1_10' title="bbox 168 1343 1313 1434; baseline 0.002 -26"><span class='ocrx_word' id='word_1_70' title='bbox 168 1364 248 1408; x_wconf 88' lang='lat' dir='ltr'>curn</span> <span class='ocrx_word' id='word_1_71' title='bbox 273 1365 395 1410; x_wconf 91' lang='lat' dir='ltr'>omnes</span> <span class='ocrx_word' id='word_1_72' title='bbox 421 1350 597 1411; x_wconf 90' lang='lat' dir='ltr'>creaturas</span> <span class='ocrx_word' id='word_1_73' title='bbox 622 1367 697 1412; x_wconf 90' lang='lat' dir='ltr'>esse</span> <span class='ocrx_word' id='word_1_74' title='bbox 726 1343 801 1413; x_wconf 91' lang='lat' dir='ltr'>vult</span> <span class='ocrx_word' id='word_1_75' title='bbox 829 1348 863 1410; x_wconf 89' lang='lat' dir='ltr'>et</span> <span class='ocrx_word' id='word_1_76' title='bbox 889 1349 1085 1427; x_wconf 84' lang='lat' dir='ltr'>conservat,</span> <span class='ocrx_word' id='word_1_77' title='bbox 1113 1351 1215 1434; x_wconf 92' lang='lat' dir='ltr'>atque</span> <span class='ocrx_word' id='word_1_78' title='bbox 1236 1344 1313 1410; x_wconf 87' lang='lat' dir='ltr'>aliae</span> 
     </span>
     <span class='ocr_line' id='line_1_11' title="bbox 167 1459 1314 1550; baseline 0.002 -27"><span class='ocrx_word' id='word_1_79' title='bbox 167 1459 308 1547; x_wconf 89' lang='lat' dir='ltr'>propria</span> <span class='ocrx_word' id='word_1_80' title='bbox 330 1467 456 1526; x_wconf 89' lang='lat' dir='ltr'>natura</span> <span class='ocrx_word' id='word_1_81' title='bbox 472 1461 585 1543; x_wconf 86' lang='lat' dir='ltr'>malae,</span> <span class='ocrx_word' id='word_1_82' title='bbox 608 1459 686 1527; x_wconf 87' lang='lat' dir='ltr'>aliae</span> <span class='ocrx_word' id='word_1_83' title='bbox 704 1482 785 1526; x_wconf 91' lang='lat' dir='ltr'>vero</span> <span class='ocrx_word' id='word_1_84' title='bbox 805 1461 905 1527; x_wconf 82' lang='lat' dir='ltr'>bonae</span> <span class='ocrx_word' id='word_1_85' title='bbox 920 1460 1020 1540; x_wconf 89' lang='lat' dir='ltr'>liunt,</span> <span class='ocrx_word' id='word_1_86' title='bbox 1038 1460 1186 1527; x_wconf 90' lang='lat' dir='ltr'>minime</span> <span class='ocrx_word' id='word_1_87' title='bbox 1204 1467 1314 1550; x_wconf 86' lang='lat' dir='ltr'>potest</span> 
     </span>
     <span class='ocr_line' id='line_1_12' title="bbox 167 1574 1312 1664; baseline 0.003 -26"><span class='ocrx_word' id='word_1_88' title='bbox 167 1574 320 1642; x_wconf 75' lang='lat' dir='ltr'>incusari</span> <span class='ocrx_word' id='word_1_89' title='bbox 337 1574 430 1664; x_wconf 92' lang='lat' dir='ltr'>quod</span> <span class='ocrx_word' id='word_1_90' title='bbox 451 1576 527 1643; x_wconf 83' lang='lat' dir='ltr'>aliae</span> <span class='ocrx_word' id='word_1_91' title='bbox 552 1584 706 1664; x_wconf 87' lang='lat' dir='ltr'>peccata,</span> <span class='ocrx_word' id='word_1_92' title='bbox 725 1575 801 1642; x_wconf 71' lang='lat' dir='ltr'>aliae</span> <span class='ocrx_word' id='word_1_93' title='bbox 824 1598 905 1643; x_wconf 88' lang='lat' dir='ltr'>vero</span> <span class='ocrx_word' id='word_1_94' title='bbox 926 1575 1035 1642; x_wconf 88' lang='lat' dir='ltr'>bonas</span> <span class='ocrx_word' id='word_1_95' title='bbox 1058 1578 1213 1643; x_wconf 79' lang='lat' dir='ltr'>actiones</span> <span class='ocrx_word' id='word_1_96' title='bbox 1230 1577 1312 1642; x_wconf 84' lang='lat' dir='ltr'>elle-</span> 
     </span>
     <span class='ocr_line' id='line_1_13' title="bbox 168 1689 1310 1780; baseline 0.003 -25"><span class='ocrx_word' id='word_1_97' title='bbox 168 1689 290 1759; x_wconf 90' lang='lat' dir='ltr'>cerint.</span> <span class='ocrx_word' id='word_1_98' title='bbox 309 1691 402 1780; x_wconf 91' lang='lat' dir='ltr'>Ergo</span> <span class='ocrx_word' id='word_1_99' title='bbox 423 1713 495 1757; x_wconf 91' lang='lat' dir='ltr'>non</span> <span class='ocrx_word' id='word_1_100' title='bbox 521 1692 614 1758; x_wconf 90' lang='lat' dir='ltr'>Deus</span> <span class='ocrx_word' id='word_1_101' title='bbox 637 1693 771 1758; x_wconf 88' lang='lat' dir='ltr'>malum</span> <span class='ocrx_word' id='word_1_102' title='bbox 793 1690 853 1759; x_wconf 88' lang='lat' dir='ltr'>sed</span> <span class='ocrx_word' id='word_1_103' title='bbox 879 1697 1047 1759; x_wconf 70' lang='lat' dir='ltr'>creaturae</span> <span class='ocrx_word' id='word_1_104' title='bbox 1067 1692 1310 1773; x_wconf 84' lang='lat' dir='ltr'>committunt3</span> 
     </span>
     <span class='ocr_line' id='line_1_14' title="bbox 168 1804 1316 1894; baseline -0.001 -22"><span class='ocrx_word' id='word_1_105' title='bbox 168 1804 297 1894; x_wconf 92' lang='lat' dir='ltr'>quibus</span> <span class='ocrx_word' id='word_1_106' title='bbox 313 1805 408 1873; x_wconf 89' lang='lat' dir='ltr'>haud</span> <span class='ocrx_word' id='word_1_107' title='bbox 423 1829 565 1874; x_wconf 88' lang='lat' dir='ltr'>necesse</span> <span class='ocrx_word' id='word_1_108' title='bbox 582 1813 631 1874; x_wconf 92' lang='lat' dir='ltr'>est</span> <span class='ocrx_word' id='word_1_109' title='bbox 646 1806 796 1875; x_wconf 90' lang='lat' dir='ltr'>liberum</span> <span class='ocrx_word' id='word_1_110' title='bbox 813 1808 946 1874; x_wconf 89' lang='lat' dir='ltr'>tribuas</span> <span class='ocrx_word' id='word_1_111' title='bbox 959 1806 1142 1875; x_wconf 86' lang='lat' dir='ltr'>arbitrium</span> <span class='ocrx_word' id='word_1_112' title='bbox 1158 1813 1196 1875; x_wconf 90' lang='lat' dir='ltr'>ut</span> <span class='ocrx_word' id='word_1_113' title='bbox 1213 1804 1316 1872; x_wconf 90' lang='lat' dir='ltr'>intel·</span> 
     </span>
     <span class='ocr_line' id='line_1_15' title="bbox 167 1921 1314 2013; baseline 0.001 -25"><span class='ocrx_word' id='word_1_114' title='bbox 167 1921 264 2011; x_wconf 88' lang='lat' dir='ltr'>legas</span> <span class='ocrx_word' id='word_1_115' title='bbox 280 1923 453 2011; x_wconf 90' lang='lat' dir='ltr'>quomodo</span> <span class='ocrx_word' id='word_1_116' title='bbox 474 1923 608 1989; x_wconf 89' lang='lat' dir='ltr'>malum</span> <span class='ocrx_word' id='word_1_117' title='bbox 631 1923 668 1990; x_wconf 91' lang='lat' dir='ltr'>iu</span> <span class='ocrx_word' id='word_1_118' title='bbox 687 1922 820 1990; x_wconf 90' lang='lat' dir='ltr'>mundo</span> <span class='ocrx_word' id='word_1_119' title='bbox 842 1924 884 1991; x_wconf 91' lang='lat' dir='ltr'>ab</span> <span class='ocrx_word' id='word_1_120' title='bbox 907 1923 1052 1990; x_wconf 91' lang='lat' dir='ltr'>omnino</span> <span class='ocrx_word' id='word_1_121' title='bbox 1071 1923 1223 2013; x_wconf 87' lang='lat' dir='ltr'>perlecto</span> <span class='ocrx_word' id='word_1_122' title='bbox 1243 1922 1314 1989; x_wconf 90' lang='lat' dir='ltr'>Deo</span> 
     </span>
     <span class='ocr_line' id='line_1_16' title="bbox 168 2039 603 2128; baseline 0.005 -24"><span class='ocrx_word' id='word_1_123' title='bbox 168 2042 283 2105; x_wconf 88' lang='lat' dir='ltr'>creato</span> <span class='ocrx_word' id='word_1_124' title='bbox 300 2039 466 2106; x_wconf 83' lang='lat' dir='ltr'>exsistere</span> <span class='ocrx_word' id='word_1_125' title='bbox 484 2039 603 2128; x_wconf 88' lang='lat' dir='ltr'>possit.</span> 
     </span>
    </p>

    <p class='ocr_par' dir='ltr' id='par_1_3' title="bbox 212 2154 1315 2246">
     <span class='ocr_line' id='line_1_17' title="bbox 212 2154 1315 2246; baseline -0.001 -23"><span class='ocrx_word' id='word_1_126' title='bbox 212 2154 313 2223; x_wconf 90' lang='lat' dir='ltr'>Unde</span> <span class='ocrx_word' id='word_1_127' title='bbox 328 2177 430 2243; x_wconf 87' lang='lat' dir='ltr'>porro</span> <span class='ocrx_word' id='word_1_128' title='bbox 443 2155 606 2246; x_wconf 87' lang='lat' dir='ltr'>colligere</span> <span class='ocrx_word' id='word_1_129' title='bbox 622 2178 809 2246; x_wconf 88' lang='lat' dir='ltr'>possumus</span> <span class='ocrx_word' id='word_1_130' title='bbox 824 2155 981 2222; x_wconf 90' lang='lat' dir='ltr'>divinam</span> <span class='ocrx_word' id='word_1_131' title='bbox 993 2155 1167 2246; x_wconf 82' lang='lat' dir='ltr'>justitiam</span> <span class='ocrx_word' id='word_1_132' title='bbox 1183 2177 1203 2221; x_wconf 86' lang='lat' dir='ltr'>a</span> <span class='ocrx_word' id='word_1_133' title='bbox 1217 2154 1315 2222; x_wconf 84' lang='lat' dir='ltr'>Leib-</span> 
     </span>
    </p>

    <p class='ocr_par' dir='ltr' id='par_1_4' title="bbox 87 2269 1366 4211">
     <span class='ocr_line' id='line_1_18' title="bbox 136 2269 1316 2360; baseline 0 -25"><span class='ocrx_word' id='word_1_134' title='bbox 136 2307 139 2314; x_wconf 96' lang='lat'><em>·</em></span> <span class='ocrx_word' id='word_1_135' title='bbox 169 2269 258 2335; x_wconf 92' lang='lat' dir='ltr'>nitio</span> <span class='ocrx_word' id='word_1_136' title='bbox 278 2271 422 2336; x_wconf 90' lang='lat' dir='ltr'>omnino</span> <span class='ocrx_word' id='word_1_137' title='bbox 439 2271 583 2353; x_wconf 89' lang='lat' dir='ltr'>servari,</span> <span class='ocrx_word' id='word_1_138' title='bbox 600 2272 760 2360; x_wconf 86' lang='lat' dir='ltr'>quamvis</span> <span class='ocrx_word' id='word_1_139' title='bbox 774 2272 1044 2339; x_wconf 87' lang='lat' dir='ltr'>determinatam</span> <span class='ocrx_word' id='word_1_140' title='bbox 1062 2293 1138 2338; x_wconf 92' lang='lat' dir='ltr'>esse</span> <span class='ocrx_word' id='word_1_141' title='bbox 1158 2270 1316 2336; x_wconf 87' lang='lat' dir='ltr'>volunta-</span> 
     </span>
     <span class='ocr_line' id='line_1_19' title="bbox 87 2384 1366 2471; baseline 0 -20"><span class='ocrx_word' id='word_1_142' title='bbox 87 2463 92 2471; x_wconf 26' lang='lat'><em>·</em></span> <span class='ocrx_word' id='word_1_143' title='bbox 168 2389 240 2451; x_wconf 90' lang='lat' dir='ltr'>tem</span> <span class='ocrx_word' id='word_1_144' title='bbox 256 2384 449 2451; x_wconf 89' lang='lat' dir='ltr'>humanam</span> <span class='ocrx_word' id='word_1_145' title='bbox 465 2385 775 2468; x_wconf 78' lang='lat' dir='ltr'>confirmetsseuS,</span> <span class='ocrx_word' id='word_1_146' title='bbox 794 2387 857 2452; x_wconf 89' lang='lat' dir='ltr'>elsi</span> <span class='ocrx_word' id='word_1_147' title='bbox 874 2387 1052 2452; x_wconf 90' lang='lat' dir='ltr'>neminem</span> <span class='ocrx_word' id='word_1_148' title='bbox 1068 2388 1206 2453; x_wconf 86' lang='lat' dir='ltr'>aeternis</span> <span class='ocrx_word' id='word_1_149' title='bbox 1222 2386 1317 2452; x_wconf 89' lang='lat' dir='ltr'>dam·</span> <span class='ocrx_word' id='word_1_150' title='bbox 1363 2396 1366 2401; x_wconf 85' lang='lat'>&#39;</span> 
     </span>
     <span class='ocr_line' id='line_1_20' title="bbox 170 2499 1316 2590; baseline 0.001 -24"><span class='ocrx_word' id='word_1_151' title='bbox 170 2500 247 2566; x_wconf 90' lang='lat' dir='ltr'>nari</span> <span class='ocrx_word' id='word_1_152' title='bbox 276 2501 388 2590; x_wconf 88' lang='lat' dir='ltr'>poenis</span> <span class='ocrx_word' id='word_1_153' title='bbox 414 2501 498 2584; x_wconf 89' lang='lat' dir='ltr'>vult,</span> <span class='ocrx_word' id='word_1_154' title='bbox 523 2499 558 2567; x_wconf 97' lang='lat' dir='ltr'>id</span> <span class='ocrx_word' id='word_1_155' title='bbox 577 2505 695 2567; x_wconf 87' lang='lat' dir='ltr'>tamen</span> <span class='ocrx_word' id='word_1_156' title='bbox 716 2501 897 2589; x_wconf 89' lang='lat' dir='ltr'>permittit,</span> <span class='ocrx_word' id='word_1_157' title='bbox 927 2505 966 2567; x_wconf 89' lang='lat' dir='ltr'>ut</span> <span class='ocrx_word' id='word_1_158' title='bbox 987 2502 1141 2590; x_wconf 88' lang='lat' dir='ltr'>optimus</span> <span class='ocrx_word' id='word_1_159' title='bbox 1162 2501 1316 2568; x_wconf 88' lang='lat' dir='ltr'>mundus</span> 
     </span>
     <span class='ocr_line' id='line_1_21' title="bbox 171 2615 1316 2706; baseline -0.001 -23"><span class='ocrx_word' id='word_1_160' title='bbox 171 2616 331 2698; x_wconf 86' lang='lat' dir='ltr'>exsistat;</span> <span class='ocrx_word' id='word_1_161' title='bbox 350 2616 408 2683; x_wconf 92' lang='lat' dir='ltr'>ille</span> <span class='ocrx_word' id='word_1_162' title='bbox 428 2617 525 2683; x_wconf 89' lang='lat' dir='ltr'>enim</span> <span class='ocrx_word' id='word_1_163' title='bbox 540 2638 611 2683; x_wconf 94' lang='lat' dir='ltr'>non</span> <span class='ocrx_word' id='word_1_164' title='bbox 630 2617 812 2682; x_wconf 83' lang='lat' dir='ltr'>exsisteret</span> <span class='ocrx_word' id='word_1_165' title='bbox 831 2617 900 2683; x_wconf 90' lang='lat' dir='ltr'>nisi</span> <span class='ocrx_word' id='word_1_166' title='bbox 918 2617 1052 2683; x_wconf 91' lang='lat' dir='ltr'>malum</span> <span class='ocrx_word' id='word_1_167' title='bbox 1068 2615 1199 2683; x_wconf 90' lang='lat' dir='ltr'>morale</span> <span class='ocrx_word' id='word_1_168' title='bbox 1213 2627 1316 2706; x_wconf 87' lang='lat' dir='ltr'>atque</span> 
     </span>
     <span class='ocr_line' id='line_1_22' title="bbox 169 2727 1317 2822; baseline 0.002 -25"><span class='ocrx_word' id='word_1_169' title='bbox 169 2733 277 2820; x_wconf 90' lang='lat' dir='ltr'>igitur</span> <span class='ocrx_word' id='word_1_170' title='bbox 297 2727 474 2800; x_wconf 87' lang='lat' dir='ltr'>damnatio</span> <span class='ocrx_word' id='word_1_171' title='bbox 491 2737 594 2799; x_wconf 88' lang='lat' dir='ltr'>esset.</span> <span class='ocrx_word' id='word_1_172' title='bbox 618 2732 689 2799; x_wconf 91' lang='lat' dir='ltr'>Nec</span> <span class='ocrx_word' id='word_1_173' title='bbox 707 2732 842 2799; x_wconf 90' lang='lat' dir='ltr'>bomini</span> <span class='ocrx_word' id='word_1_174' title='bbox 864 2733 975 2799; x_wconf 90' lang='lat' dir='ltr'>cuivis</span> <span class='ocrx_word' id='word_1_175' title='bbox 987 2731 1046 2822; x_wconf 86' lang='lat' dir='ltr'>jus</span> <span class='ocrx_word' id='word_1_176' title='bbox 1062 2740 1114 2799; x_wconf 89' lang='lat' dir='ltr'>est</span> <span class='ocrx_word' id='word_1_177' title='bbox 1129 2733 1202 2799; x_wconf 89' lang='lat' dir='ltr'>Deo</span> <span class='ocrx_word' id='word_1_178' title='bbox 1218 2731 1317 2799; x_wconf 89' lang='lat' dir='ltr'>darn-</span> 
     </span>
     <span class='ocr_line' id='line_1_23' title="bbox 170 2848 1318 2938; baseline 0 -23"><span class='ocrx_word' id='word_1_179' title='bbox 170 2849 350 2915; x_wconf 88' lang='lat' dir='ltr'>nationem</span> <span class='ocrx_word' id='word_1_180' title='bbox 373 2871 472 2915; x_wconf 90' lang='lat' dir='ltr'>suam</span> <span class='ocrx_word' id='word_1_181' title='bbox 499 2849 661 2938; x_wconf 84' lang='lat' dir='ltr'>objicere,</span> <span class='ocrx_word' id='word_1_182' title='bbox 680 2848 964 2938; x_wconf 90' lang='lat' dir='ltr'>quandoquidem</span> <span class='ocrx_word' id='word_1_183' title='bbox 985 2850 1093 2933; x_wconf 90' lang='lat' dir='ltr'>Deus,</span> <span class='ocrx_word' id='word_1_184' title='bbox 1114 2871 1194 2916; x_wconf 91' lang='lat' dir='ltr'>cum</span> <span class='ocrx_word' id='word_1_185' title='bbox 1215 2872 1318 2915; x_wconf 93' lang='lat' dir='ltr'>mun-</span> 
     </span>
     <span class='ocr_line' id='line_1_24' title="bbox 170 2963 1317 3055; baseline -0.001 -24"><span class='ocrx_word' id='word_1_186' title='bbox 170 2963 255 3032; x_wconf 92' lang='lat' dir='ltr'>dum</span> <span class='ocrx_word' id='word_1_187' title='bbox 284 2966 427 3047; x_wconf 88' lang='lat' dir='ltr'>creavit,</span> <span class='ocrx_word' id='word_1_188' title='bbox 451 2987 533 3030; x_wconf 90' lang='lat' dir='ltr'>eum</span> <span class='ocrx_word' id='word_1_189' title='bbox 560 2964 667 3033; x_wconf 89' lang='lat' dir='ltr'>libere</span> <span class='ocrx_word' id='word_1_190' title='bbox 698 2971 897 3055; x_wconf 85' lang='lat' dir='ltr'>peccantem</span> <span class='ocrx_word' id='word_1_191' title='bbox 925 2972 1028 3055; x_wconf 88' lang='lat' dir='ltr'>atque</span> <span class='ocrx_word' id='word_1_192' title='bbox 1062 2970 1173 3032; x_wconf 89' lang='lat' dir='ltr'>semet</span> <span class='ocrx_word' id='word_1_193' title='bbox 1202 2966 1317 3055; x_wconf 91' lang='lat' dir='ltr'>ipsum</span> 
     </span>
     <span class='ocr_line' id='line_1_25' title="bbox 169 3078 1315 3171; baseline -0.001 -23"><span class='ocrx_word' id='word_1_194' title='bbox 169 3081 394 3148; x_wconf 85' lang='lat' dir='ltr'>damnantem</span> <span class='ocrx_word' id='word_1_195' title='bbox 420 3079 528 3161; x_wconf 81' lang='lat' dir='ltr'>vidit3</span> <span class='ocrx_word' id='word_1_196' title='bbox 555 3078 651 3169; x_wconf 92' lang='lat' dir='ltr'>quod</span> <span class='ocrx_word' id='word_1_197' title='bbox 682 3082 710 3147; x_wconf 92' lang='lat' dir='ltr'>si</span> <span class='ocrx_word' id='word_1_198' title='bbox 736 3081 773 3148; x_wconf 94' lang='lat' dir='ltr'>in</span> <span class='ocrx_word' id='word_1_199' title='bbox 806 3079 1031 3171; x_wconf 91' lang='lat' dir='ltr'>possibilibus</span> <span class='ocrx_word' id='word_1_200' title='bbox 1060 3104 1131 3148; x_wconf 93' lang='lat' dir='ltr'>non</span> <span class='ocrx_word' id='word_1_201' title='bbox 1165 3081 1315 3163; x_wconf 80' lang='lat' dir='ltr'>fecisset,</span> 
     </span>
     <span class='ocr_line' id='line_1_26' title="bbox 169 3193 1317 3286; baseline -0.003 -23"><span class='ocrx_word' id='word_1_202' title='bbox 169 3197 326 3285; x_wconf 89' lang='lat' dir='ltr'>sequitur</span> <span class='ocrx_word' id='word_1_203' title='bbox 342 3201 392 3278; x_wconf 87' lang='lat' dir='ltr'>ut,</span> <span class='ocrx_word' id='word_1_204' title='bbox 405 3195 441 3261; x_wconf 91' lang='lat' dir='ltr'>in</span> <span class='ocrx_word' id='word_1_205' title='bbox 458 3193 588 3262; x_wconf 91' lang='lat' dir='ltr'>mundo</span> <span class='ocrx_word' id='word_1_206' title='bbox 604 3201 732 3278; x_wconf 86' lang='lat' dir='ltr'>create,</span> <span class='ocrx_word' id='word_1_207' title='bbox 749 3197 849 3263; x_wconf 86' lang='lat' dir='ltr'>aliter</span> <span class='ocrx_word' id='word_1_208' title='bbox 864 3196 991 3286; x_wconf 89' lang='lat' dir='ltr'>egisset</span> <span class='ocrx_word' id='word_1_209' title='bbox 1005 3203 1109 3285; x_wconf 87' lang='lat' dir='ltr'>alque</span> <span class='ocrx_word' id='word_1_210' title='bbox 1125 3197 1230 3285; x_wconf 90' lang='lat' dir='ltr'>igitur</span> <span class='ocrx_word' id='word_1_211' title='bbox 1246 3218 1317 3261; x_wconf 92' lang='lat' dir='ltr'>non</span> 
     </span>
     <span class='ocr_line' id='line_1_27' title="bbox 171 3311 1317 3402; baseline -0.001 -23"><span class='ocrx_word' id='word_1_212' title='bbox 171 3313 356 3379; x_wconf 85' lang='lat' dir='ltr'>damnatus</span> <span class='ocrx_word' id='word_1_213' title='bbox 372 3311 507 3378; x_wconf 78' lang='lat' dir='ltr'>fuisset.</span> <span class='ocrx_word' id='word_1_214' title='bbox 526 3312 660 3379; x_wconf 89' lang='lat' dir='ltr'>Durum</span> <span class='ocrx_word' id='word_1_215' title='bbox 672 3312 815 3402; x_wconf 89' lang='lat' dir='ltr'>quidem</span> <span class='ocrx_word' id='word_1_216' title='bbox 828 3312 929 3379; x_wconf 92' lang='lat' dir='ltr'>nobis</span> <span class='ocrx_word' id='word_1_217' title='bbox 942 3311 1078 3378; x_wconf 91' lang='lat' dir='ltr'>videtur</span> <span class='ocrx_word' id='word_1_218' title='bbox 1090 3311 1182 3401; x_wconf 92' lang='lat' dir='ltr'>quod</span> <span class='ocrx_word' id='word_1_219' title='bbox 1198 3332 1205 3378; x_wconf 91' lang='lat'>:</span> <span class='ocrx_word' id='word_1_220' title='bbox 1226 3339 1242 3373; x_wconf 90' lang='lat'>«</span> <span class='ocrx_word' id='word_1_221' title='bbox 1258 3311 1317 3400; x_wconf 89' lang='lat' dir='ltr'>ily</span> 
     </span>
     <span class='ocr_line' id='line_1_28' title="bbox 173 3427 1318 3518; baseline 0.001 -23"><span class='ocrx_word' id='word_1_222' title='bbox 173 3455 189 3489; x_wconf 93' lang='lat'>«</span> <span class='ocrx_word' id='word_1_223' title='bbox 216 3429 264 3495; x_wconf 90' lang='lat' dir='ltr'>ait</span> <span class='ocrx_word' id='word_1_224' title='bbox 281 3428 458 3516; x_wconf 87' lang='lat' dir='ltr'>beaucoup</span> <span class='ocrx_word' id='word_1_225' title='bbox 479 3427 653 3518; x_wconf 76' lang='lat' dir='ltr'>d&#39;appeles</span> <span class='ocrx_word' id='word_1_226' title='bbox 672 3436 705 3496; x_wconf 92' lang='lat' dir='ltr'>et</span> <span class='ocrx_word' id='word_1_227' title='bbox 723 3450 789 3516; x_wconf 92' lang='lat' dir='ltr'>peu</span> <span class='ocrx_word' id='word_1_228' title='bbox 813 3427 921 3495; x_wconf 76' lang='lat' dir='ltr'>d’elus</span> <span class='ocrx_word' id='word_1_229' title='bbox 944 3456 974 3494; x_wconf 90' lang='lat'>».</span> <span class='ocrx_word' id='word_1_230' title='bbox 992 3427 1265 3513; x_wconf 79' lang='lat' dir='ltr'>Merito&#39;tameu,</span> <span class='ocrx_word' id='word_1_231' title='bbox 1284 3432 1318 3496; x_wconf 88' lang='lat' dir='ltr'>et</span> 
     </span>
     <span class='ocr_line' id='line_1_29' title="bbox 170 3543 1313 3634; baseline 0.001 -23"><span class='ocrx_word' id='word_1_232' title='bbox 170 3543 325 3611; x_wconf 89' lang='lat' dir='ltr'>damnati</span> <span class='ocrx_word' id='word_1_233' title='bbox 346 3567 483 3634; x_wconf 88' lang='lat' dir='ltr'>poenam</span> <span class='ocrx_word' id='word_1_234' title='bbox 501 3543 645 3627; x_wconf 88' lang='lat' dir='ltr'>dabunt,</span> <span class='ocrx_word' id='word_1_235' title='bbox 664 3552 698 3612; x_wconf 90' lang='lat' dir='ltr'>et</span> <span class='ocrx_word' id='word_1_236' title='bbox 714 3544 817 3612; x_wconf 89' lang='lat' dir='ltr'>electi</span> <span class='ocrx_word' id='word_1_237' title='bbox 832 3544 1028 3612; x_wconf 89' lang='lat' dir='ltr'>mercedem</span> <span class='ocrx_word' id='word_1_238' title='bbox 1045 3551 1313 3634; x_wconf 87' lang='lat' dir='ltr'>consequentur.</span> 
     </span>
     <span class='ocr_line' id='line_1_30' title="bbox 170 3659 1314 3750; baseline -0.001 -23"><span class='ocrx_word' id='word_1_239' title='bbox 170 3660 330 3749; x_wconf 90' lang='lat' dir='ltr'>Namque</span> <span class='ocrx_word' id='word_1_240' title='bbox 354 3661 383 3727; x_wconf 90' lang='lat' dir='ltr'>si</span> <span class='ocrx_word' id='word_1_241' title='bbox 402 3662 439 3727; x_wconf 94' lang='lat' dir='ltr'>in</span> <span class='ocrx_word' id='word_1_242' title='bbox 459 3659 686 3750; x_wconf 90' lang='lat' dir='ltr'>possibilibus</span> <span class='ocrx_word' id='word_1_243' title='bbox 706 3661 849 3728; x_wconf 91' lang='lat' dir='ltr'>mundis</span> <span class='ocrx_word' id='word_1_244' title='bbox 872 3660 946 3743; x_wconf 87' lang='lat' dir='ltr'>alii,</span> <span class='ocrx_word' id='word_1_245' title='bbox 969 3666 1003 3728; x_wconf 91' lang='lat' dir='ltr'>et</span> <span class='ocrx_word' id='word_1_246' title='bbox 1023 3661 1059 3727; x_wconf 93' lang='lat' dir='ltr'>in</span> <span class='ocrx_word' id='word_1_247' title='bbox 1084 3660 1216 3727; x_wconf 92' lang='lat' dir='ltr'>mundo</span> <span class='ocrx_word' id='word_1_248' title='bbox 1231 3659 1314 3727; x_wconf 87' lang='lat' dir='ltr'>reali</span> 
     </span>
     <span class='ocr_line' id='line_1_31' title="bbox 169 3775 1314 3867; baseline -0.001 -25"><span class='ocrx_word' id='word_1_249' title='bbox 169 3775 228 3842; x_wconf 89' lang='lat' dir='ltr'>alii</span> <span class='ocrx_word' id='word_1_250' title='bbox 245 3775 414 3858; x_wconf 80' lang='lat' dir='ltr'>fuissent3</span> <span class='ocrx_word' id='word_1_251' title='bbox 431 3799 503 3844; x_wconf 91' lang='lat' dir='ltr'>non</span> <span class='ocrx_word' id='word_1_252' title='bbox 519 3778 625 3867; x_wconf 89' lang='lat' dir='ltr'>igitur</span> <span class='ocrx_word' id='word_1_253' title='bbox 640 3778 797 3846; x_wconf 88' lang='lat' dir='ltr'>damnati</span> <span class='ocrx_word' id='word_1_254' title='bbox 812 3782 873 3845; x_wconf 87' lang='lat' dir='ltr'>aut</span> <span class='ocrx_word' id='word_1_255' title='bbox 892 3777 1036 3865; x_wconf 85' lang='lat' dir='ltr'>praemio</span> <span class='ocrx_word' id='word_1_256' title='bbox 1053 3776 1173 3843; x_wconf 87' lang='lat' dir='ltr'>donati</span> <span class='ocrx_word' id='word_1_257' title='bbox 1189 3782 1314 3842; x_wconf 91' lang='lat' dir='ltr'>essent.</span> 
     </span>
     <span class='ocr_line' id='line_1_32' title="bbox 169 3891 1316 3983; baseline -0.002 -25"><span class='ocrx_word' id='word_1_258' title='bbox 169 3893 259 3982; x_wconf 87' lang='lat' dir='ltr'>Ergo</span> <span class='ocrx_word' id='word_1_259' title='bbox 276 3914 479 3981; x_wconf 89' lang='lat' dir='ltr'>quanquam</span> <span class='ocrx_word' id='word_1_260' title='bbox 494 3894 738 3983; x_wconf 89' lang='lat' dir='ltr'>unusquisque</span> <span class='ocrx_word' id='word_1_261' title='bbox 758 3892 800 3960; x_wconf 89' lang='lat' dir='ltr'>ad</span> <span class='ocrx_word' id='word_1_262' title='bbox 820 3891 996 3981; x_wconf 88' lang='lat' dir='ltr'>agendum</span> <span class='ocrx_word' id='word_1_263' title='bbox 1015 3892 1121 3959; x_wconf 90' lang='lat' dir='ltr'>homo</span> <span class='ocrx_word' id='word_1_264' title='bbox 1137 3898 1188 3958; x_wconf 88' lang='lat' dir='ltr'>est</span> <span class='ocrx_word' id='word_1_265' title='bbox 1206 3891 1316 3957; x_wconf 89' lang='lat' dir='ltr'>deter-</span> 
     </span>
     <span class='ocr_line' id='line_1_33' title="bbox 171 4005 1314 4097; baseline -0.002 -23"><span class='ocrx_word' id='word_1_266' title='bbox 171 4007 337 4088; x_wconf 80' lang='lat' dir='ltr'>minatus,</span> <span class='ocrx_word' id='word_1_267' title='bbox 353 4014 469 4073; x_wconf 88' lang='lat' dir='ltr'>tamen</span> <span class='ocrx_word' id='word_1_268' title='bbox 484 4030 588 4074; x_wconf 92' lang='lat' dir='ltr'>nemo</span> <span class='ocrx_word' id='word_1_269' title='bbox 604 4008 703 4096; x_wconf 91' lang='lat' dir='ltr'>queri</span> <span class='ocrx_word' id='word_1_270' title='bbox 719 4012 830 4097; x_wconf 89' lang='lat' dir='ltr'>potest</span> <span class='ocrx_word' id='word_1_271' title='bbox 846 4030 881 4074; x_wconf 87' lang='lat' dir='ltr'>se</span> <span class='ocrx_word' id='word_1_272' title='bbox 896 4007 1017 4097; x_wconf 90' lang='lat' dir='ltr'>iniquo</span> <span class='ocrx_word' id='word_1_273' title='bbox 1029 4006 1107 4096; x_wconf 89' lang='lat' dir='ltr'>jure</span> <span class='ocrx_word' id='word_1_274' title='bbox 1121 4029 1209 4089; x_wconf 90' lang='lat' dir='ltr'>esse,</span> <span class='ocrx_word' id='word_1_275' title='bbox 1223 4005 1314 4097; x_wconf 93' lang='lat' dir='ltr'>quod</span> 
     </span>
     <span class='ocr_line' id='line_1_34' title="bbox 170 4119 1019 4211; baseline -0.004 -22"><span class='ocrx_word' id='word_1_276' title='bbox 170 4145 206 4190; x_wconf 92' lang='lat' dir='ltr'>se</span> <span class='ocrx_word' id='word_1_277' title='bbox 222 4123 317 4189; x_wconf 87' lang='lat' dir='ltr'>Deus</span> <span class='ocrx_word' id='word_1_278' title='bbox 335 4127 395 4188; x_wconf 90' lang='lat' dir='ltr'>aut</span> <span class='ocrx_word' id='word_1_279' title='bbox 410 4121 563 4211; x_wconf 90' lang='lat' dir='ltr'>punierit</span> <span class='ocrx_word' id='word_1_280' title='bbox 578 4128 638 4187; x_wconf 88' lang='lat' dir='ltr'>aut</span> <span class='ocrx_word' id='word_1_281' title='bbox 653 4119 813 4188; x_wconf 87' lang='lat' dir='ltr'>mercede</span> <span class='ocrx_word' id='word_1_282' title='bbox 830 4122 1019 4189; x_wconf 86' lang='lat' dir='ltr'>donaverit.</span> 
     </span>
    </p>
   </div>
   <div class='ocr_carea' id='block_1_3' title="bbox 200 4376 647 4442">
    <p class='ocr_par' dir='ltr' id='par_1_5' title="bbox 200 4376 647 4442">
     <span class='ocr_line' id='line_1_35' title="bbox 200 4376 647 4442; baseline -0.009 -12"><span class='ocrx_word' id='word_1_283' title='bbox 200 4383 223 4431; x_wconf 86' lang='lat' dir='ltr'>r.</span> <span class='ocrx_word' id='word_1_284' title='bbox 242 4377 337 4429; x_wconf 68' lang='lat' dir='ltr'>rre‘ou</span> <span class='ocrx_word' id='word_1_285' title='bbox 352 4377 442 4437; x_wconf 73' lang='lat' dir='ltr'>cern,</span> <span class='ocrx_word' id='word_1_286' title='bbox 456 4379 475 4426; x_wconf 87' lang='lat' dir='ltr'>t.</span> <span class='ocrx_word' id='word_1_287' title='bbox 490 4376 533 4437; x_wconf 81' lang='lat' dir='ltr'>vr,</span> <span class='ocrx_word' id='word_1_288' title='bbox 549 4390 577 4442; x_wconf 84' lang='lat' dir='ltr'>p.</span> <span class='ocrx_word' id='word_1_289' title='bbox 593 4377 647 4426; x_wconf 83' lang='lat' dir='ltr'>rra.</span> 
     </span>
    </p>
   </div>
   <div class='ocr_carea' id='block_1_4' title="bbox 0 0 1496 4988">
    <p class='ocr_par' dir='ltr' id='par_1_6' title="bbox 0 0 1496 4988">
     <span class='ocr_line' id='line_1_36' title="bbox 0 0 1496 4988; baseline 0 0"><span class='ocrx_word' id='word_1_290' title='bbox 0 0 1496 4988; x_wconf 95' lang='lat' dir='ltr'> </span> 
     </span>
    </p>
   </div>
  </div>
 </body>
</html>
