2964 4988
217 369 301 434 Qulu
325 370 466 423 VALEAT
490 331 715 423 LElBNlTlANA
738 368 783 421 DE
808 367 1003 422 LIBERTATA
1027 368 1220 422 SENTENTIA
1275 371 1308 422 79

153 519 232 586 sed
248 524 367 585 utrum
387 519 448 586 illa
465 518 561 606 justa
577 519 770 607 meritaque
787 519 832 584 sit
846 541 957 585 necne
973 517 1065 607 apud
1078 541 1142 584 nos
1163 518 1307 584 omnino

164 634 365 725 ambigitur.

209 749 297 817 Cum
325 750 361 816 in
395 751 578 817 intellectu
613 750 730 816 divino
760 750 954 816 innumerae
987 750 1056 815 sint
1088 748 1308 839 possibilium

167 866 414 932 universorum
444 865 541 947 idea,
574 873 677 955 atque
703 865 902 932 absolutum
929 866 1060 932 bonum
1090 863 1309 932 antecedenti

165 982 345 1048 voluntate
387 982 481 1048 Deus
523 981 620 1062 velit,
660 981 803 1048 illorum
851 981 1023 1070 optimum
1063 981 1309 1047 universorum

167 1097 333 1165 exsistere
348 1097 443 1164 sinit.
463 1097 531 1164 Sed
547 1099 659 1186 primo
676 1103 790 1164 cetera
805 1119 882 1186 quae
895 1097 989 1164 Deus
1004 1120 1075 1164 non
1091 1097 1220 1164 creavit
1234 1097 1310 1163 uni·

166 1235 267 1279 versa
305 1212 418 1280 adhuc
453 1212 630 1302 possibilia
671 1219 764 1296 sunt,
797 1213 935 1295 deinde,
966 1213 994 1279 si
1029 1212 1207 1295 voluisset,
1240 1234 1311 1278 non

167 1328 352 1417 optimum,
393 1327 454 1396 sed
486 1329 596 1396 alium
621 1328 812 1418 quemlibet
850 1327 1024 1395 mundum
1062 1330 1156 1395 Deus
1195 1350 1311 1395 creare

167 1444 347 1533 potuisset.
365 1445 470 1534 Ergo,
488 1445 517 1510 si
538 1445 710 1512 Leibnitio
730 1445 827 1528 fides,
844 1467 915 1512 non
936 1444 1174 1534 metaphysice
1192 1466 1313 1511 neces-

168 1560 300 1626 sarium
323 1583 398 1627 esse
425 1562 630 1627 universum
654 1565 775 1648 patet:
801 1588 816 1622 «
835 1561 864 1626 ll
885 1561 1091 1649 n'implique
1113 1561 1210 1651 point
1231 1581 1314 1626 con-

169 1702 185 1736 «
214 1676 411 1760 tradiotion,
429 1677 556 1765 inquit,
574 1698 643 1765 que
658 1677 748 1761 Dieu
764 1677 894 1744 veuille
912 1676 1156 1765 (directement
1175 1699 1220 1742 ou
1236 1698 1313 1764 per-

169 1817 184 1853 «
212 1792 468 1880 missivement)
482 1814 552 1858 une
566 1792 672 1859 chose
691 1793 749 1880 qui
765 1791 972 1882 n'implique
992 1793 1090 1880 point
1107 1799 1151 1875 et,
1174 1790 1260 1858 dans
1276 1814 1313 1858 oe

168 1935 183 1968 ι(
212 1931 302 1987 sens,
318 1907 344 1973 il
359 1915 411 1974 est
424 1909 554 1997 permis
571 1908 614 1974 de
629 1908 702 1974 dire
718 1930 787 1998 que
803 1908 895 1975 Dieu
910 1913 994 1997 peut
1008 1907 1041 1974 la
1055 1908 1191 1974 vouloir
1204 1910 1226 1972 ¹.
1252 1935 1267 1969 »

212 2023 314 2104 Quod
348 2023 583 2091 distinctionis
612 2023 716 2107 'inter
754 2023 924 2091 moralem
965 2022 1313 2114 metaphysicamque

168 2140 410 2207 necessitatem
434 2140 703 2207 fundumentum
724 2145 786 2207 est.
816 2139 941 2206 Nonne
970 2146 1088 2206 autem
1114 2140 1150 2205 in
1180 2144 1315 2206 contro-

166 2256 318 2322 versiam
338 2256 464 2322 adduci
485 2278 586 2344 posse
602 2255 767 2322 videtur?

212 2371 277 2437 Dei
319 2371 560 2438 exsistentiam
593 2369 772 2438 Leibnitio
809 2371 1049 2462 metaphysice
1079 2372 1314 2437 necessariam

170 2486 280 2552 visam
307 2509 396 2570 esse,
426 2487 537 2576 primo
564 2508 636 2552 non
671 2485 951 2554 obliviscendum
986 2492 1059 2567 est3
1095 2487 1222 2576 quippe
1254 2486 1314 2576 qui

168 2603 406 2692 ontologicum
426 2610 674 2692 argumentum
694 2625 755 2694 pro
772 2625 853 2669 vero
874 2604 1057 2692 acceperit.
1079 2603 1149 2669 Nec
1166 2603 1313 2670 dubium

171 2719 255 2809 quin
276 2719 361 2786 illud
380 2718 631 2808 perficiendum
652 2718 970 2808 complendumque
991 2741 1066 2785 esse
1091 2716 1312 2807 judicaverit,

169 2856 250 2901 cum
261 2835 374 2902 Deum
390 2837 587 2903 necessario
603 2837 768 2903 exsistere
780 2841 915 2902 tantum
929 2836 958 2902 si
975 2835 1150 2924 possibilis
1166 2837 1211 2902 sit
1226 2835 1314 2902 arbi-

170 2949 333 3017 trandum
354 2951 425 3016 sit¹.
442 2953 556 3018 Deum
572 2957 691 3019 autem
714 2952 882 3019 exsistere
901 2974 1001 3041 posse
1015 2974 1034 3018 a
1050 2953 1157 3041 priori
1177 2958 1279 3041 atque
1296 2975 1315 3017 a

169 3066 350 3154 posteriori
366 3089 531 3156 apparere
548 3072 656 3157 putat.
677 3067 836 3156 Namque
853 3067 998 3133 omnino
1019 3068 1212 3157 perlectum
1239 3089 1315 3132 esse

169 3182 295 3264 Deum,
316 3182 448 3249 scilicet
474 3182 637 3249 omnibus
657 3182 928 3271 perfectionibus
952 3184 1199 3270 compositum,
1220 3204 1313 3270 quae,

169 3321 249 3365 oum
272 3298 449 3388 simplices
471 3299 551 3382 sint,
575 3299 683 3388 igitur
703 3299 778 3364 sine
798 3297 871 3364 ulla
891 3296 1165 3364 contradictione
1187 3299 1224 3363 in
1246 3319 1316 3363 una

169 3413 359 3505 eademque
385 3415 535 3482 essentia
555 3413 769 3505 conglobata
792 3436 867 3481 esse
892 3414 1062 3502 possint³.
1089 3412 1186 3479 Nihil
1211 3435 1314 3501 porro

82 3530 90 3544 ‘
170 3531 333 3597 exsistere
357 3554 458 3619 posse
479 3532 534 3598 vel
555 3532 660 3599 etiam
683 3553 757 3597 esse
774 3529 948 3620 possibile,
973 3529 1042 3596 nisi
1063 3530 1206 3596 exsistat
1220 3530 1315 3595 Deus

169 3646 229 3734 qui
266 3646 487 3734 possibilium
523 3648 739 3736 realiumque
769 3667 887 3712 rerum
918 3646 1016 3735 quasi
1045 3645 1314 3713 fundamentum

170 3760 250 3825 sit‘.
285 3759 376 3848 Ergo
410 3762 574 3828 exsistere
612 3763 740 3842 Deum,
783 3782 910 3850 nequo·
935 3760 1009 3827 fieri
1038 3784 1139 3850 posse
1173 3768 1211 3829 ut
1246 3785 1314 3827 non

169 3875 311 3942 exsistat
336 3895 342 3940 :
367 3876 476 3943 immo
507 3875 591 3945 adeo
618 3877 855 3945 necessarium
876 3899 951 3943 esse
977 3884 1027 3959 ut,
1059 3878 1087 3942 si
1112 3900 1183 3943 non
1208 3878 1315 3943 exsis-

203 4129 225 4175 1.
244 4125 338 4174 Theod.
352 4125 442 4187 Gerh.,
455 4128 475 4176 t.
491 4125 535 4187 Vl,
551 4141 577 4190 p.
594 4128 650 4176 257.

201 4210 223 4255 2.
240 4205 434 4268 Μοηαάοἰορίο,
450 4220 507 4270 por.
523 4209 565 4255 lu.

202 4288 224 4334 3.
241 4286 330 4348 Geth„
344 4287 363 4335 t
381 4286 423 4346 lt',
437 4301 463 4350 p.
476 4287 530 4335 296.

202 4371 224 4415 ⁴.
243 4365 319 4427 uia,
336 4381 361 4430 p.
379 4367 436 4416 406.
