2964 4988
514 337 556 391 DE
584 337 790 392 VOLUNTATE
815 337 939 391 DIVINA
1279 339 1312 389 27

163 509 330 570 vacuum,
357 493 477 576 postea
512 487 671 556 idearum
711 487 853 578 plenum
883 488 1064 577 assignare
1092 487 1311 556 intellectum

164 603 418 694 perabsurdum
433 627 508 671 esse
523 602 712 672 videretur.
725 604 812 671 Nam
829 605 858 670 si
874 605 967 671 Deus
984 627 1121 694 semper
1132 604 1312 670 intellectu

164 719 329 810 praeditus
341 727 404 801 est,
423 720 519 787 ideas
535 741 657 787 omnes
673 743 750 810 quae
766 721 803 787 in
820 743 859 787 eo
876 726 959 787 sunt
974 742 1111 809 semper
1125 719 1312 786 intellexit.

163 837 253 926 Ergo
276 858 345 924 quo
366 858 470 903 sensu
485 835 590 908 ,Plato
611 844 757 903 aeternas
778 859 852 903 esse
865 864 881 898 (ι
895 837 992 904 ideas
1009 864 1039 918 »,
1052 836 1175 904 eodem
1192 836 1311 918 ferme,

163 951 391 1035 Leihnitius¹,
410 973 491 1019 cum
513 953 585 1019 Deo
612 952 832 1019 intellectum
858 959 1026 1020 aeternum
1047 952 1213 1040 assignat,
1232 957 1311 1018 ante

164 1089 220 1134 res
232 1073 266 1133 et
280 1088 300 1133 a
314 1074 409 1155 parte
426 1090 544 1134 rerum
560 1090 642 1135 eum
654 1068 772 1134 omnia
788 1067 970 1156 possibilia
985 1067 1092 1135 simul
1103 1089 1308 1158 semperque

165 1189 282 1251 mente
304 1181 609 1272 comprehendisse
629 1183 827 1251 arbitratur.
843 1184 895 1250 Ita
909 1183 1004 1251 ideas
1019 1184 1084 1250 Dei
1099 1205 1178 1250 cum
1195 1182 1314 1251 divino

165 1298 346 1366 intellectu
366 1298 556 1397 admodum
573 1300 772 1366 assimilat¹.

210 1414 295 1481 Inde
310 1437 381 1481 non
397 1415 510 1482 Deum
531 1438 611 1482 suas
627 1414 723 1483 ideas
739 1415 875 1483 decreto
895 1413 1047 1504 quodam
1067 1436 1138 1481 suae
1157 1414 1317 1482 volunta-

166 1531 211 1597 tis
227 1531 389 1613 formare,
405 1553 476 1598 non
490 1531 597 1620 igitur
611 1533 853 1621 contingentes
870 1553 926 1598 eas
940 1553 1014 1598 esse
1030 1535 1185 1621 apparet.
1203 1530 1316 1596 Immo

168 1645 317 1714 edivina
330 1651 457 1713 natura
470 1653 562 1713 sunt.
573 1647 617 1719 Ut
628 1653 747 1713 autem
759 1646 998 1737 metaphysice
1012 1646 1209 1714 necessario
1222 1646 1317 1712 Deus

168 1762 314 1844 exsistit,
340 1762 389 1829 sic
408 1761 646 1852 metaphysica
664 1763 858 1829 necessario
880 1785 920 1829 ea
940 1768 1022 1828 sunt
1039 1761 1220 1851 possibilia
1242 1783 1318 1851 quae

168 1876 347 1968 possibilia
367 1883 460 1945 sunt.
489 1878 674 1945 Possihilia
698 1883 815 1945 autem
840 1884 922 1945 sunt
942 1899 1020 1967 quae
1042 1900 1113 1944 non
1139 1877 1320 1967 implicant

167 1991 491 2062 contradictionem.
512 1992 691 2083 Quidquid
712 1995 819 2083 igitur
839 1993 1020 2061 intellectu
1043 1993 1199 2083 quolibet
1219 1992 1320 2060 intel-

167 2110 237 2198 legi
267 2114 379 2198 p0test
406 2133 426 2176 a
452 2111 524 2176 Deo
552 2132 690 2199 semper
726 2109 947 2178 intellectum
976 2115 1040 2177 est.
1073 2110 1193 2199 Neque
1227 2109 1319 2198 quod

171 2255 186 2288 «
209 2225 425 2314 impossihile
452 2254 468 2288 »
493 2230 546 2292 est
569 2224 663 2293 Deus
688 2254 704 2287 «
729 2225 895 2314 possibile
922 2253 938 2287 »
965 2226 1110 2308 efficere,
1136 2248 1202 2295 nec
1225 2226 1318 2316 quod

169 2341 268 2410 nullo
300 2341 403 2408 modo
434 2348 551 2409 mente
586 2341 837 2431 comprehendi
875 2347 988 2430 potest
1023 2340 1318 2431 comprehendere
1387 2392 1390 2397 -

171 2458 295 2548 potuit,
316 2463 436 2547 utpote
453 2458 513 2546 qui
529 2457 699 2524 essentias
719 2462 936 2547 aeternasque
958 2458 1121 2525 veritates
1138 2480 1209 2524 non
1227 2480 1319 2525 crea-

171 2573 271 2655 verit,
290 2571 350 2640 sed
366 2573 547 2661 receperit.
565 2572 644 2639 Non
660 2572 754 2638 enim
769 2577 932 2639 naturam
948 2593 1046 2639 suam
1062 2594 1080 2638 e
1096 2571 1209 2639 nihilo
1224 2572 1316 2654 fecit,

170 2688 230 2755 sed
247 2711 264 2755 e
281 2697 406 2756 natura
421 2710 497 2772 sua,
515 2709 619 2777 quam
631 2689 848 2755 commutare
864 2710 935 2756 non
949 2689 1054 2772 valet,
1073 2688 1192 2756 omnia
1206 2695 1320 2756 creata

170 2805 331 2872 extraxit.
1216 2819 1219 2826 ·

214 2918 335 3008 Itaque
358 2919 399 2986 dc
422 2921 495 2987 Deo
516 2919 663 2987 scrihere
685 2919 883 2989 Leihnitius
904 2942 976 2988 non
997 2920 1193 2988 dubitavit:
1217 2920 1317 2988 «Les

171 3062 188 3098 «
205 3035 332 3102 veritos
353 3033 548 3119 eternelles‚
576 3034 692 3126 ohjets¹
715 3035 757 3104 de
783 3060 820 3104 sa
838 3059 975 3126 sagesse
1002 3042 1080 3104 sont
1102 3038 1180 3127 plus
1206 3038 1321 3105 invio-

173 3180 188 3214 «
206 3150 317 3219 lahles
334 3172 401 3240 que
417 3149 449 3216 le
469 3150 574 3238 Styx³
590 3179 620 3219 ».

216 3384 301 3465 Quae
326 3384 407 3468 sint,
430 3381 523 3472 apud
544 3381 772 3466 Leihnitium‚
798 3382 908 3452 divini
926 3382 1126 3452 intellectus
1141 3384 1227 3452 ideae
1244 3386 1318 3476 jam

171 3501 254 3569 satis
282 3504 385 3590 patet.
417 3498 585 3583 Quarum,
613 3504 651 3567 ut
677 3500 864 3567 consilium
896 3506 1057 3567 nostrum
1082 3500 1126 3568 ad
1156 3503 1318 3569 effectum

169 3616 383 3684 adducamus
400 3615 477 3683 duae
494 3617 667 3705 praecipue
689 3617 822 3705 species
842 3616 944 3685 nohis
966 3615 1203 3685 discernendae
1221 3639 1228 3686 :
1248 3641 1319 3685 una

169 3733 326 3821 ipsorum
343 3731 578 3822 possibilium,
595 3732 702 3799 altera
723 3755 800 3822 quae
813 3733 850 3799 in
865 3734 939 3823 ipsa
951 3734 1109 3801 essentiae
1127 3735 1225 3801 honae
1240 3734 1317 3800 idea

169 3848 338 3915 consist‘t.

199 4017 221 4064 1.
237 4016 310 4065 Corr.
324 4029 387 4065 avec
402 4016 479 4064 Huet.
497 4016 585 4076 Gerh.‚
599 4019 618 4066 t.
635 4017 680 4077 ΠΙ,
692 4031 719 4079 p,
734 4018 772 4066 Π.
784 4037 796 4060 «
813 4017 942 4067 Doctrina
955 4016 1073 4067 Platonis
1088 4016 1275 4080 metaphysica
1290 4021 1316 4068 et

166 4095 276 4145 moratis
293 4097 389 4145 sancta
402 4097 442 4145 est
454 4101 589 4160 rectaque,
605 4098 632 4146 et
647 4110 708 4160 quae
730 4096 762 4147 de
781 4097 848 4148 ideis
864 4097 1027 4160 externisque
1043 4098 1203 4148 veritatibus
1223 4099 1314 4159 habet,

166 4174 336 4225 admiranda.
351 4194 362 4218 »1
380 4175 458 4238 (Sans
471 4174 552 4239 date.)

196 4259 219 4302 2.
237 4255 325 4304 Gaura
338 4254 386 4302 Dei
400 4257 511 4305 caserta.
528 4255 617 4316 Gerh.‚
631 4259 651 4305 t.
666 4256 708 4317 Vl,
724 4269 750 4319 p.
767 4258 822 4304 440.

196 4336 219 4384 3.
237 4334 331 4385 Theod.
348 4334 436 4398 Gerh.‚
451 4337 472 4385 t.
489 4335 531 4397 VI,
547 4349 573 4398 p.
587 4337 641 4384 115.
