2964 4988
522 932 686 1002 CAPUT
720 932 954 1012 QUINTUM

641 1402 835 1453 concursio

279 1501 360 1562 Qum
381 1502 503 1550 vritur
525 1499 730 1550 [ΕΙΒΝΙῘΙΑΝΑ
753 1501 793 1549 ΟΕ
815 1502 992 1551 [ΙΒΕΗῘΑῘΕ
1013 1499 1195 1550 ὃΕΝῘΕΝῘΙΑ

731 1941 747 2006 Ι

208 2190 299 2270 Quid
333 2191 554 2258 Leibnitiana
585 2191 626 2258 de
661 2191 820 2258 libertate
852 2190 1026 2258 sententia
1059 2186 1174 2258 valeat
1206 2186 1309 2253 nohis

165 2306 304 2395 penitus
321 2306 548 2395 introspicere
567 2308 604 2372 in
623 2309 741 2373 auimo
761 2330 833 2373 non
856 2311 919 2373 est.
940 2307 982 2371 Et
997 2327 1148 2393 magnus
1164 2303 1258 2370 enim
1281 2309 1313 2368 et

166 2444 290 2510 parum
320 2420 416 2487 utilis
446 2421 545 2488 tabor
574 2421 754 2490 videretur
782 2443 789 2487 :
819 2443 972 2510 namque
1000 2421 1050 2486 ita
1074 2423 1157 2485 sunt
1179 2424 1313 2484 mutata

164 2542 322 2627 tempora
348 2542 386 2603 ut
411 2536 555 2619 eisdem,
580 2535 707 2626 quibus
730 2559 843 2626 nuper
861 2535 1072 2619 LeibnitiuS,
1096 2534 1313 2623 argumentis

164 2674 259 2719 nunc
279 2652 487 2742 plerumque
502 2674 571 2718 non
589 2675 806 2720 moveamur.

207 2768 332 2857 Igitur,
351 2768 438 2834 illud
455 2767 697 2836 tantummodo
713 2791 778 2836 nos
793 2769 987 2857 perspicere
1004 2766 1112 2846 decet,
1131 2787 1215 2832 num
1231 2787 1312 2832 cum

166 2884 346 2975 principiis
362 2907 439 2973 quae
458 2884 655 2951 Leibnitius
671 2887 845 2974 acceperit
866 2884 985 2950 omnia
1001 2905 1078 2972 quae
1094 2881 1220 2947 dixerit
1234 2888 1312 2970 apte

166 3005 198 3067 et
214 3021 370 3066 connexe
385 2998 594 3067 cohaereant.
613 2999 783 3090 Namque,
802 2999 934 3090 etquid
949 2997 1131 3089 principiis
1148 2998 1221 3063 suis
1237 2996 1312 3063 et'fi-

165 3117 276 3183 ciatur
307 3114 509 3205 phitosophi
540 3114 706 3205 permulti
737 3138 809 3183 non
843 3137 982 3206 semper
1014 3112 1242 3196 concludunt,
1278 3118 1311 3178 et

165 3238 286 3299 utrum
318 3230 513 3300 Leibnitius
546 3232 759 3320 perspexerit
788 3230 871 3320 quid
901 3229 1093 3297 sententias
1119 3229 1311 3318 praecipuas

167 3371 248 3415 suas
262 3352 498 3436 consequatur
516 3370 639 3431 necne,
657 3369 800 3437 prorsus
817 3345 964 3413 dubium
980 3367 1055 3412 esse
1071 3344 1219 3413 videtur.

212 3464 301 3529 Sunt
316 3464 411 3530 euim
425 3470 494 3531 tres
510 3462 730 3530 difficultates
746 3462 872 3553 quibus
884 3462 969 3552 quid
980 3460 1190 3551 respondere
1203 3462 1312 3550 possit

168 3578 373 3659 Leibnitius‚
397 3580 426 3646 si
446 3602 508 3669 pro
523 3580 614 3647 veris
634 3580 826 3669 praecipuas
846 3578 922 3668 ejus
942 3578 1134 3645 sententias
1155 3589 1314 3667 sumpse-

167 3697 291 3778 rimuS,
309 3696 408 3762 nutto
424 3696 528 3762 modo
544 3700 638 3784 patet
655 3716 662 3762 :
684 3718 835 3785 quarum
853 3695 964 3785 prima
983 3693 1026 3760 ad
1042 3694 1125 3760 mali
1141 3694 1313 3782 originem

166 3818 269 3901 atque
304 3811 431 3878 idcirco
454 3810 496 3877 ad
521 3810 676 3878 divinam
702 3810 892 3901 justitiam,
921 3809 1076 3877 secunda
1103 3809 1145 3877 ad
1171 3809 1314 3875 moratis

167 3936 270 4016 atque
299 3925 547 4017 metaphysicae
580 3928 797 3994 necessitatis
833 3927 1107 4008 distinctionem,
1140 3925 1239 3991 tertia
1272 3924 1314 3990 ad

165 4045 278 4133 ipsam
307 4042 435 4111 divinae
457 4043 648 4110 voluntatis
676 4043 917 4110 exsistentiam
940 4041 1116 4131 pertinet:
1141 4062 1159 4107 e
1187 4039 1313 4130 quibus

165 4158 253 4226 itlud
287 4156 515 4248 consequitur
548 4162 588 4224 ut
616 4179 739 4246 parum
773 4157 951 4224 cohaerens
983 4156 1241 4223 Leibnitianum
1271 4155 1312 4222 de

164 4274 325 4343 libertate
346 4274 473 4364 dogma
485 4274 584 4342 nohis
600 4296 676 4342 esse
691 4273 864 4343 videatur.
