2964 4988
188 373 205 425 4
455 375 501 430 DE
524 375 718 431 LIBERTATE
741 377 837 432 APUD
862 373 1064 430 LEIBNITIUM

189 551 205 584 «
232 523 426 592 seulement
439 529 554 593 toutes
570 526 620 593 les
634 526 699 594 fois
715 526 840 616 qu'ello
852 549 888 593 se
910 525 1101 593 determine
1117 529 1206 591 aces
1218 529 1328 590 sortes

186 667 202 700 «
230 639 399 709 d'acticns
419 647 463 709 ob
488 641 556 709 elle
573 642 663 710 u'est
682 643 779 732 point
798 633 974 732 emportee
988 663 1050 730 par
1068 639 1100 707 le
1116 638 1215 729 poids
1230 638 1328 706 d’au-

185 782 201 817 «
229 776 317 823 cuna
333 758 450 824 raison
465 779 607 825 versun
624 763 700 826 cbte
724 758 838 849 plutot
862 780 929 848 que
946 779 1090 825 versun
1110 761 1219 836 autre,
1239 753 1327 821 mais

184 899 200 932 α
227 877 342 939 meme
371 872 498 962 qu’ette
527 896 564 941 se
593 879 716 942 trouve
740 874 852 942 melec
879 872 966 941 dans
990 878 1103 941 toutes
1129 895 1183 939 ses
1207 877 1340 961 autres,

182 1013 198 1049 «
224 987 369 1071 actione,
387 1012 430 1056 ca
443 1002 529 1057 sorte
549 989 670 1081 qu'elle
689 1013 731 1058 ne
746 1013 781 1058 se
803 989 988 1057 determine
1001 988 1133 1079 jamnis
1148 986 1271 1078 qu'elle
1284 1008 1326 1053 ee

181 1130 197 1165 o
224 1105 259 1169 la
283 1116 385 1171 mette
407 1128 449 1171 en
476 1117 605 1196 ιιεαρε1
631 1134 661 1172 ».
685 1105 837 1173 Omnino
859 1106 968 1196 igitur
991 1104 1144 1173 liberum
1168 1102 1325 1171 hominis

178 1217 364 1287 arbitrium
392 1220 567 1288 Cartesius
595 1245 671 1290 esse
694 1222 884 1302 existimat,
912 1243 989 1303 nec,
1019 1220 1172 1310 quodam
1203 1242 1324 1300 sensu,
1388 1273 1389 1277 ,

179 1334 298 1401 minus
318 1336 349 1401 id
368 1335 460 1424 apud
480 1336 661 1404 hominem
686 1322 792 1429 quam
811 1336 904 1427 apud
924 1339 1039 1405 Deum
1057 1359 1132 1405 esse
1157 1335 1322 1419 declarat,

176 1451 261 1519 dum
277 1450 397 1520 scribit
415 1473 422 1519 :
441 1481 456 1516 α
474 1454 637 1521 voluntas
662 1455 699 1521 in
724 1477 795 1522 una
820 1459 958 1521 tantum
978 1475 1014 1521 re
1044 1459 1078 1520 et
1100 1459 1269 1543 tanquam
1284 1453 1322 1520 in

178 1594 194 1629 ι(
221 1566 427 1635 indivisibili
442 1569 627 1638 consistit¹
644 1597 674 1637 n.
763 1633 765 1640 ,

220 1799 335 1881 Quam
350 1824 433 1870 vero
454 1800 691 1871 Cartesiauam
707 1803 989 1870 commenticiam
1014 1824 1089 1870 esse
1112 1801 1321 1869 sententiam

172 1914 368 1984 Leibnitius
394 1917 582 1985 arbitratur
604 1938 611 1984 :
633 1940 716 1986 nam
736 1917 907 1986 ambobus
932 1939 1008 1984 eam
1038 1917 1222 2006 principiis
1244 1938 1320 2006 quae

170 2033 318 2098 rationis
333 2031 498 2100 humana
513 2034 614 2124 quasi
627 2032 785 2101 membra
798 2033 870 2100 sint
888 2032 998 2100 videri
1014 2033 1236 2100 contrariam.

214 2265 354 2332 Etenim
372 2266 483 2357 ipsam
504 2266 658 2355 primum
677 2264 780 2334 tiberi
796 2265 928 2349 arbitrii
946 2265 1189 2334 indifferentia
1205 2265 1319 2333 notio-

168 2404 252 2449 nem
264 2404 460 2473 repugnare
476 2382 657 2451 contendit
673 2403 681 2449 :
700 2411 716 2446 o
734 2382 887 2452 Omnino
901 2387 1026 2466 statuo,
1048 2383 1109 2466 ait,
1124 2384 1317 2471 potentiam

81 2507 85 2515 '
170 2525 187 2561 «
214 2521 251 2567 se
277 2497 532 2567 determinandi
562 2499 638 2567 sine
665 2499 738 2566 ulta
771 2522 886 2585 eausa,
906 2522 968 2568 seu
994 2501 1070 2568 sine
1100 2499 1175 2570 ulla
1202 2499 1318 2569 radice

172 2642 188 2677 ι(
214 2614 517 2683 determinationis
537 2615 718 2704 implicare
741 2615 1065 2698 contradictionem,
1085 2617 1137 2683 uti
1157 2617 1318 2706 implicat

169 2730 335 2798 «relatio
365 2731 440 2798 sine
473 2730 735 2799 fundamentot.
755 2760 785 2793 -»
819 2730 896 2812 Quo
934 2733 1030 2798 enim
1066 2729 1169 2799 modo
1208 2730 1315 2822 hujus

169 2847 307 2936 generis
321 2848 514 2936 potentiam
534 2848 652 2914 animo
672 2849 856 2936 concipere
878 2848 1078 2938 possimus?
1094 2847 1185 2915 Num
1202 2876 1218 2911 «
1245 2848 1316 2915 vim

168 2963 320 3030 activam
337 2989 353 3025 a
371 2961 603 3051 amplitudine
618 2963 770 3052 quadam
786 2970 820 3030 et
835 2962 1028 3031 directione
1042 2963 1222 3056 praeditam
1238 2987 1316 3032 eam
1343 2997 1344 3001 ¹

168 3101 243 3146 esse
258 3079 385 3146 dicturi
401 3079 533 3146 simus?
548 3077 675 3164 Immo,
687 3101 828 3147 neeesse
844 3085 897 3148 est
913 3081 1099 3159 actionem,
1119 3104 1196 3170 qua
1217 3080 1277 3148 tali
1296 3103 1315 3148 e

167 3195 316 3287 quadam
333 3196 367 3262 vi
387 3196 530 3277 oriatur,
549 3218 625 3263 esse
641 3195 906 3264 determinatam
920 3219 927 3279 ;
945 3221 1030 3264 nam
1045 3196 1314 3264 determinatam

166 3312 245 3403 ejus
254 3317 416 3381 naturam
430 3314 573 3381 effectus
585 3335 688 3403 quem
700 3312 826 3381 efficiat
841 3313 1051 3403 praecipuam
1066 3334 1208 3380 causam
1223 3334 1311 3378 esse.

165 3428 298 3496 Idcirco
321 3456 337 3492 «
365 3428 566 3497 facultatem
595 3430 727 3496 nudam
752 3456 768 3491 »
800 3430 856 3496 vel
886 3457 902 3491 (ι
929 3428 1121 3518 potentiam
1146 3427 1222 3495 sine
1240 3425 1313 3494 ulta

165 3544 395 3635 praetensione
409 3548 445 3612 et
461 3545 537 3612 sine
552 3538 631 3612 ullo*
645 3549 725 3611 actu
748 3572 778 3626 n,
801 3543 951 3611 liberum
966 3542 1161 3627 arbitrium,
1179 3543 1209 3610 si
1228 3541 1313 3634 quid

166 3661 223 3744 sit,
242 3682 318 3728 esse
338 3657 475 3728 debere.
497 3659 544 3725 At
563 3657 767 3749 hujusmodi
792 3660 951 3727 essentiae
976 3664 1183 3749 conceptum
1207 3681 1312 3750 repu-

164 3799 274 3869 gnare
297 3776 478 3844 neminem
503 3774 608 3865 fugin
632 3781 670 3843 ut
688 3775 737 3841 ait
759 3774 956 3843 Leibnitius
975 3795 982 3841 :
1003 3803 1017 3836 «
1041 3776 1116 3845 Une
1143 3799 1247 3845 cause
1267 3799 1312 3845 ne

167 3921 184 3957 «
211 3894 343 3963 saurait
357 3893 431 3983 agir
446 3914 527 3960 sans
548 3892 644 3959 avoir
668 3914 738 3960 une
758 3888 1004 3983 dispositione
1024 3891 1167 3962 l'action
1181 3893 1203 3961 ⁸.
1229 3922 1245 3956 »
1269 3894 1313 3961 Et

197 4145 220 4194 t.
236 4143 326 4194 Lettre
340 4146 358 4195 ὰ
374 4143 521 4210 intersertae,
539 4156 611 4204 xum,
627 4143 646 4192 t.
663 4143 695 4204 11,
709 4156 735 4206 p.
752 4144 806 4205 557,
821 4143 862 4193 ed.
876 4143 907 4194 de
924 4145 992 4193 irat.

196 4227 219 4274 2.
235 4225 386 4276 Descartes.
397 4223 536 4274 Meditatio
550 4225 659 4287 quarta,
677 4221 718 4272 ed.
730 4223 763 4273 de
777 4224 847 4273 1663.
861 4225 1040 4285 Amsterdam‚
1054 4239 1080 4288 p.
1096 4227 1135 4274 29.

197 4308 220 4356 3.
238 4305 312 4356 Gerr.
324 4319 386 4354 auec
401 4306 446 4353 des
461 4305 560 4352 Boreas.
577 4303 666 4365 Gerh.‚
680 4306 700 4354 t.
716 4305 748 4365 11,
766 4319 792 4368 p.
809 4307 854 4354 42⁰
872 4307 962 4368 (tut).

195 4389 219 4434 4.
237 4383 331 4434 ΤΙιέοιί.
348 4384 435 4443 Germ,
451 4385 471 4432 t.
489 4382 533 4444 Vl,
547 4397 573 4446 p.
588 4384 641 4431 128.
