2964 4988
185 347 219 398 74
453 345 497 397 DE
522 344 716 398 LIBERTATE
740 345 834 399 APUD
859 344 1061 401 LEtBNlTlUM
1093 309 1097 316 Ι

229 493 403 562 Leibnitio
436 496 543 585 igitur
571 493 656 562 adeo
689 517 752 562 sua
786 496 827 561 de
857 494 1012 562 humana
1045 498 1225 564 voluntate
1253 520 1355 564 sen-·

185 613 295 678 tentia
313 611 531 678 nullomodo
554 611 704 678 morales
731 634 786 677 res
812 619 966 679 evertere
987 612 1137 695 videtur,
1156 620 1195 679 ut
1212 615 1330 701 praeci-

186 750 266 819 pere
300 727 436 794 homini
468 749 539 794 non
571 725 716 810 dubitet,
744 727 842 816 quasi
871 727 979 795 libero
1011 728 1153 794 arbitrio
1178 728 1330 818 quodam
1363 818 1365 822 y

186 842 350 933 praeditus
376 849 479 925 esset,
509 842 637 911 divinae
663 842 836 911 voluntati
868 841 1008 911 obediat
1036 843 1266 927 antecedenti,
1296 850 1330 912 et

184 957 353 1048 quidquid
371 959 526 1025 evenerit
545 958 623 1026 laeto
642 959 760 1026 animo
776 959 934 1047 accipiat,
953 981 1035 1026 cum
1054 961 1148 1028 Deus
1163 983 1235 1027 non
1254 966 1331 1027 tan-

185 1079 260 1140 tum
285 1073 448 1141 dominus
475 1081 605 1158 noster,
628 1075 688 1142 sed
715 1079 750 1142 ct
771 1074 885 1142 bonus
908 1076 1146 1160 sitdominus,
1174 1081 1214 1143 ut
1234 1098 1330 1166 quae-

184 1211 335 1279 cumque
351 1212 406 1256 res
422 1190 459 1256 in
475 1190 607 1258 mundo
627 1190 695 1274 liat,
713 1189 966 1259 benedicenda
981 1191 1037 1259 sit.

732 1504 784 1572 IV

229 1772 298 1856 Sic,
310 1774 461 1861 acceptis
475 1773 547 1840 suis
564 1773 757 1860 principiis,
770 1795 857 1862 quas
873 1771 1096 1841 difficultates
1113 1771 1153 1838 de
1169 1772 1330 1841 libertate

184 1890 338 1979 theologi
354 1888 531 1979 agitabant
546 1911 752 1956 evanescere
760 1888 958 1956 Leibnitius
974 1888 1173 1956 arbitratur.
1191 1888 1331 1956 Etenim

185 2028 266 2073 oum
287 2005 406 2072 omnia
427 2028 502 2072 esse
526 2005 757 2072 determinata
780 2005 969 2086 existimet,
984 2018 1056 2071 non
1076 2027 1117 2071 ca
1137 2003 1203 2072 sibi
1225 2002 1331 2093 objici

186 2144 286 2211 posse
299 2126 398 2210 putat
413 2143 489 2209 quae
504 2121 547 2186 iis
563 2120 775 2208 objiciantur
791 2122 851 2211 qui
867 2120 1018 2188 liberum
1033 2119 1219 2188 arbitrium
1239 2119 1331 2188 acci-

186 2239 298 2329 piant;
317 2258 394 2320 nec,
411 2258 492 2303 cum
512 2241 630 2303 tamen
647 2237 765 2303 omnia
781 2242 814 2303 et
835 2249 1027 2326 spontanea
1043 2242 1076 2303 et
1092 2237 1333 2326 contingentia

143 2388 146 2394 ·
185 2376 260 2445 csse
276 2360 407 2419 asserat
434 2352 640 2442 (argaeum
667 2352 709 2418 de
736 2353 930 2420 substantia
952 2352 1172 2441 intellegenti
1195 2357 1331 2442 agatur,

186 2469 307 2558 libera)
332 2467 461 2535 eisdem
485 2490 521 2534 se
551 2467 695 2558 objectis
723 2469 911 2536 arbitratur
937 2468 1053 2558 urgeri
1076 2491 1176 2557 posse
1207 2469 1334 2558 quibus

186 2584 434 2675 metaphysica
460 2585 678 2651 necessitatis
701 2584 852 2652 fautores
877 2585 1024 2652 soleant.
1048 2583 1183 2675 Itaque,
1211 2585 1333 2673 positis

187 2701 261 2768 suis
286 2699 327 2766 de
354 2699 513 2766 libertate
538 2701 734 2786 sententiis,
758 2701 954 2767 leibnitius
981 2723 1045 2766 nos
1073 2723 1091 2766 e
1115 2701 1333 2767 necessitatis

187 2814 387 2906 labyrintho
406 2815 569 2881 facillime
587 2816 701 2904 egredi
720 2838 819 2903 posse
836 2817 951 2882 sentit.
967 2815 1067 2896 Quod
1080 2814 1131 2881 illi
1148 2838 1188 2882 eo
1205 2817 1332 2883 melius

186 2941 278 2998 certe
305 2930 424 2997 visum
448 2930 613 3019 estquod
637 2930 831 2998 doctrinam
859 2954 931 2998 non
951 2939 1089 3000 tantum
1110 2955 1186 3022 quae
1208 2932 1331 3000 dialec-

188 3048 428 3129 ticovcrasit,
449 3045 634 3113 sedetiam
660 3046 702 3114 de
724 3070 792 3136 qua
817 3071 939 3116 omnes
962 3048 1163 3140 philosophi
1188 3070 1332 3115 consen-

187 3163 288 3247 tiant,
311 3186 392 3230 eum
415 3185 553 3252 semper
569 3163 772 3252 quaesivisse
787 3171 932 3233 constat.
1141 3142 1146 3151 ι
