2964 4988
214 361 248 413 44
481 362 527 415 DE
553 361 743 416 LIBERTATE
768 363 861 417 APUD
886 361 1088 416 LElBNlTlUlll

214 510 315 576 illum
338 512 396 601 qui
416 519 526 578 semet
547 514 620 600 ipse
642 511 684 579 ad
704 511 880 601 agendum
902 512 1000 587 ferat,
1018 510 1051 577 id
1068 518 1118 578 est
1144 516 1358 601 spontaneus

213 626 248 691 in
270 627 405 715 agendo
426 628 482 709 sit,
502 629 682 717 posterius,
706 628 735 694 si
752 627 891 717 penitus
912 649 985 693 rem
1008 628 1238 716 perspexeris,
1256 627 1357 694 illum

210 741 271 830 ptri
292 742 342 808 ito
368 756 452 832 opat
471 756 508 809 nr
531 743 561 809 si
581 743 658 833 puis
678 744 751 832 ejrrs
772 743 920 809 actionis
938 765 1052 809 oerum
1072 742 1230 832 inquirat
1252 744 1356 809 ratio-

208 880 298 939 nem,
316 881 357 925 eo
380 858 418 924 in
438 859 570 949 opereris
592 871 730 941 norrun,
755 882 825 925 nore
844 859 932 925 ulios
951 857 1154 948 reperiatur.
1176 858 1240 925 Ille
1261 859 1356 925 enim

209 997 250 1040 eo
273 976 384 1064 magis
407 976 598 1064 potentiam
618 983 657 1042 ut
676 975 809 1064 aliquid
838 982 972 1042 certum
995 979 1086 1063 agat,
1114 975 1150 1040 in
1181 997 1217 1041 se
1240 974 1355 1058 habet,

210 1111 278 1178 quo
299 1089 437 1157 facilius
460 1113 558 1158 exeo
581 1091 823 1180 cognoscendo
841 1091 931 1157 actio
953 1090 1030 1180 ejus
1047 1090 1212 1179 explicari
1229 1095 1354 1179 potest.

211 1204 311 1286 Quod
334 1207 480 1273 minime
511 1207 640 1273 mirum
657 1206 890 1297 judicandum
920 1213 972 1273 est
1001 1226 1008 1272 :
1035 1228 1188 1294 namque
1210 1205 1358 1272 liberum

211 1321 312 1388 illum
328 1344 403 1388 esse
423 1323 484 1410 qui
500 1346 571 1389 suaa
587 1323 735 1389 actionis
749 1345 832 1390 vere
852 1322 896 1388 sit
914 1344 1017 1389 causa
1033 1304 1117 1388 satis
1133 1312 1239 1410 patet.
1258 1320 1359 1402 Quod
1412 1322 1415 1326 ⁴

212 1437 318 1503 etiam
337 1459 378 1503 ex
398 1437 463 1504 hoc
483 1437 707 1505 Leibnitiano
728 1438 904 1528 proposito
925 1437 1070 1517 eminet,
1087 1459 1168 1504 oum
1188 1437 1359 1504 libertatis

114 1576 117 1580 “
212 1551 339 1642 gradus
359 1576 377 1619 e
398 1553 562 1644 gradibus
578 1554 799 1643 perfectionis
820 1551 1006 1643 pendeant,
1027 1581 1043 1615 n
1065 1576 1134 1643 quo
1156 1553 1234 1642 plus
1258 1553 1359 1620 subs-

214 1698 229 1731 «
248 1670 365 1736 tantiae
381 1676 464 1737 sunt
473 1692 538 1760 per
550 1693 583 1737 se
597 1670 835 1737 determinata
850 1676 883 1736 et
896 1667 938 1736 ab
952 1668 1188 1736 indifferentia
1201 1674 1356 1746 remota,

215 1814 230 1845 n
248 1808 288 1852 eo
309 1792 390 1851 sunt
404 1786 645 1877 perfectiores¹
667 1814 698 1868 n,
715 1808 857 1876 —ergo
873 1785 1066 1853 liberiores

256 2016 390 2097 Quibus
412 2018 532 2106 positis
543 2018 652 2085 ¹rebus
675 2028 741 2085 tres
762 2016 930 2084 libertatis
950 2017 1077 2106 gradus
1094 2017 1358 2107 distinguendos

212 2155 285 2199 esse
327 2140 479 2223 apparet,
527 2132 810 2223 quandoquidem
856 2134 970 2223 primo
1016 2133 1206 2200 admodum
1250 2134 1358 2201 libera

213 2248 333 2315 Menas
354 2249 421 2315 diui
442 2248 542 2316 debet
559 2248 660 2339 cujus
676 2249 765 2316 aetio
784 2261 856 2315 totu
877 2248 1045 2339 explicari
1063 2248 1185 2337 possit,
1203 2249 1231 2314 si
1254 2248 1358 2316 modo

214 2365 324 2453 ipsam
363 2363 547 2432 Monadem
581 2365 850 2454 introspexeris3
890 2364 1044 2432 seeundo
1081 2365 1209 2454 partim
1249 2364 1359 2432 libera

215 2481 281 2548 diei
294 2481 415 2547 Menas
436 2481 568 2570 quaevis
592 2480 730 2548 debebit
748 2481 848 2571 cujus
869 2482 958 2548 actio
973 2482 1103 2571 purtim
1123 2481 1359 2547 tantummodo

215 2620 256 2662 ex
285 2596 361 2686 ejus
391 2601 517 2664 natura
552 2597 746 2687 explicetur
775 2620 838 2664 neo
865 2599 1015 2686 perfecte
1051 2596 1119 2662 nisi
1150 2594 1358 2685 quibusdam

213 2714 364 2778 externis
401 2717 504 2779 antea
543 2713 691 2803 cognitis
735 2713 838 2779 rebus
876 2712 1033 2800 intellegi
1072 2714 1199 2799 possit;
1239 2712 1356 2794 tertio,

213 2827 375 2918 denique,
407 2829 509 2894 inter·
530 2829 657 2917 parlim
686 2828 811 2894 liberas
845 2827 1023 2908 Monades,
1055 2826 1171 2894 altere
1201 2850 1241 2894 eo
1271 2826 1359 2895 libe-

212 2945 321 3011 riores
348 2942 417 3011 dioi
441 2943 616 3011 debebunt
643 2967 710 3032 quo
735 2943 874 3032 planius
896 2967 1017 3012 earum
1042 2944 1197 3011 actiones
1223 2966 1263 3010 ex
1285 2944 1360 3033 ipsa

213 3060 348 3150 agentis
363 3060 521 3127 Monadis
541 3066 666 3126 natura
686 3060 920 3150 potiusquam
939 3060 1074 3127 exaliis
1094 3059 1198 3126 rebus
1221 3056 1359 3125 intelle-

213 3184 352 3266 gantur,
373 3175 488 3243 alterae
503 3198 585 3243 vero
605 3165 646 3242 eo
668 3176 787 3244 minus
805 3175 921 3244 liberae
942 3200 1010 3266 quo
1030 3198 1072 3242 ex
1093 3196 1211 3241 earum
1233 3179 1358 3238 natura

214 3293 288 3360 sola
307 3293 425 3360 minus
441 3297 517 3360 aeta
537 3315 657 3360 earum
674 3292 838 3380 explicari
856 3293 1000 3382 possint.

260 3526 321 3591 His
352 3531 466 3592 autern
489 3526 591 3592 rebus
614 3526 798 3614 perceptis,
816 3523 887 3612 jam
913 3545 1007 3588 nuno
1030 3524 1230 3609 promptum
1256 3521 1360 3588 inlel-

212 3641 307 3708 leetu
328 3647 361 3708 et
389 3640 425 3707 in
446 3639 591 3729 proclivi
617 3646 667 3706 est
695 3662 756 3706 cur
778 3638 969 3705 Leibnitius
997 3636 1165 3704 libertatis
1186 3636 1315 3726 gradus
1341 3660 1358 3704 e

215 3755 379 3849 gradibus
401 3755 622 3847 perfeetionis
643 3754 791 3846 pendere
806 3753 952 3844 judicet,
975 3761 1078 3844 atque
1097 3775 1137 3820 eo
1159 3753 1357 3820 liberiorem

214 3897 290 3941 esse
307 3872 487 3938 hominem
502 3877 674 3937 asseveret
691 3892 759 3958 quo
775 3869 903 3936 melius
920 3876 1009 3958 agat.

259 4105 411 4187 Etenim,
430 4104 458 4169 si
477 4103 635 4190 quiscur
654 4104 748 4169 Deus
764 4107 843 4191 agat
865 4103 954 4169 sieut
970 4102 1041 4191 agit
1062 4102 1126 4167 sibi
1144 4123 1261 4168 veram
1281 4099 1359 4166 red-

249 4368 271 4416 1.
290 4367 325 4414 lle
340 4367 471 4416 libertale.
486 4364 575 4426 Gerh,
591 4367 610 4414 t.
625 4363 681 4422 Vll,
699 4378 722 4426 p.
741 4365 795 4414 109.
