2964 4988
195 358 228 408 er
461 358 507 411 os
531 338 844 414 ιιιιιιιιιιιιιίιιιιι
870 325 1072 413 numur‘ruu

193 513 501 597 monstrosumque
530 517 715 603 «δημίουργον
732 544 746 575 »
778 511 853 600 qui,
881 531 959 577 cum
991 498 1338 592 fureret',¹mu1idum

193 621 374 711 ipsamque
406 622 578 691 rationem
613 625 792 692 creaverit.
829 653 844 686 ιι
875 625 920 693 Ge
952 624 1041 693 n’est
1076 618 1136 713 pas
1165 647 1214 691 un
1250 609 1338 692 llieu

195 766 210 799 e
228 760 363 805 comme
377 760 422 804 011
438 761 473 805 se
492 739 671 830 l'imagine
687 745 720 807 et
736 763 872 808 comme
892 764 937 807 on
957 741 989 808 le
1012 741 1184 824 souhaite,
1205 740 1340 807 c'est-a-

194 880 210 915 «
232 854 304 920 dire
315 853 410 944 juste
426 861 460 923 et
475 878 568 946 sage,
589 857 714 923 faisant
732 863 806 924 tout
823 880 910 947 pour
924 857 956 924 le
973 856 1059 924 Bien
1075 856 1134 924 des
1148 861 1336 938 creatureS,

194 998 210 1031 ιι
232 976 353 1037 autaut
386 970 469 1061 qu'il
502 980 553 1039 est
582 971 750 1062 possible,
786 974 874 1039 mais
904 972 1017 1061 plutdt
1049 973 1200 1063 quelque
1233 972 1338 1039 chose

195 1113 210 1147 «
228 1084 478 1176 d'approchant
498 1088 543 1156 du
560 1088 649 1155 Dieu
669 1087 710 1155 de
727 1088 888 1178 Spinoza,
906 1089 1032 1173 savoir,
1049 1087 1080 1155 le
1101 1089 1258 1178 principe
1279 1087 1339 1155 des

195 1227 210 1262 ιι
228 1200 360 1285 choses,
380 1208 493 1271 etune
510 1204 661 1271 certaine
673 1205 856 1293 puissance
873 1227 919 1271 ou
940 1204 1071 1271 Nature
1085 1203 1265 1292 primitive
1279 1204 1338 1293 qui
1397 1219 1398 1224 ’

194 1346 209 1379 ι
228 1323 297 1384 met
312 1323 389 1385 tout
402 1341 445 1385 en
459 1318 573 1387 action
585 1324 617 1386 et
633 1319 696 1387 fait
706 1324 782 1388 tout
795 1343 832 1388 ce
847 1321 908 1409 qui
922 1325 973 1387 est
985 1319 1129 1387 faisable
1141 1322 1164 1386 ².
1180 1346 1196 1381 ιι
1211 1318 1340 1387 Perab-

192 1432 338 1501 surdum
371 1433 478 1522 igitur
506 1433 745 1502 Cartesianum
776 1434 818 1503 de
858 1434 977 1502 divina
1007 1435 1186 1504 voluntate
1204 1424 1341 1524 'dogma'

194 1562 269 1617 esse·
284 1550 473 1618 concludit.

239 1666 341 1747 Quod
356 1673 472 1733 autem
494 1673 745 1756 argumentum
761 1668 935 1735 Cartesius
955 1667 998 1734 ad
1019 1666 1185 1734 tuendam
1206 1667 1342 1757 opinio-

193 1804 275 1849 nem
292 1782 433 1872 profert,
450 1805 571 1871 parum
588 1783 703 1850 valere.
720 1782 895 1851 Leibnitio
912 1783 1059 1850 videtur.
1075 1784 1229 1862 Etenim,
1248 1782 1342 1872 quod

194 1898 288 1964 Deus
304 1898 432 1965 rationi
449 1904 579 1988 pareat,
600 1922 670 1967 non
686 1921 828 1966 necesse
850 1921 923 1966 esse
941 1921 1022 1964 eum
1038 1899 1079 1966 ab
1101 1897 1169 1966 alio
1192 1898 1340 1988 pendere

195 2013 266 2080 Deo
299 2020 403 2103 atque
434 2015 553 2082 minus
588 2020 745 2104 potenter
776 2037 815 2082 uc
853 2014 960 2082 libere
997 2037 1098 2104 agere
1136 2008 1338 2082 contendas

194 2129 315 2220 Ipsum
344 2130 551 2214 Cartesium,
574 2152 654 2197 cum
680 2129 767 2197 duos
791 2153 866 2198 esse
896 2114 992 2198 verbi
1015 2129 1185 2198 libertatis
1213 2153 1337 2197 sensus

196 2246 410 2330 confirmem,
437 2247 611 2336 quomodo
636 2269 698 2314 sua
715 2248 841 2314 ¹minui
866 2248 974 2336 possit
1000 2247 1120 2334 opinio
1150 2248 1339 2314 invenisse.

194 2361 302 2429 Illum
316 2363 410 2430 enim
426 2359 577 2430 maxime
599 2367 775 2453 potentem
789 2386 828 2430 ac
844 2363 993 2430 liberum
1011 2383 1086 2430 esse
1102 2364 1193 2453 quie
1209 2386 1245 2430 se
1266 2364 1341 2453 ipso

197 2480 270 2549 solo
305 2478 347 2547 ad
382 2478 557 2570 agendum
589 2479 853 2547 determinetur.
891 2479 1028 2560 Quibus
1061 2479 1165 2546 rebus
1202 2480 1339 2569 positis,

197 2619 269 2665 non
304 2595 421 2663 minus
455 2601 631 2685 potentem
664 2594 885 2685 liberumque
924 2596 1038 2662 Deum
1073 2595 1274 2679 dicendum,
1315 2595 1344 2660 si

199 2711 326 2779 rationi
347 2733 484 2800 semper
504 2710 654 2778 obediat.
677 2711 797 2800 ipsum
824 2710 920 2777 enim
945 2710 1059 2778 Deum
1080 2715 1114 2777 et
1139 2709 1220 2778 boni
1239 2717 1344 2800 atque

199 2829 273 2895 veri
293 2827 500 2917 essentiam,
529 2831 563 2893 et
592 2827 762 2894 rationem
785 2823 975 2915 perfectam
998 2848 1072 2893 esse
1102 2847 1108 2892 :
1135 2849 1215 2894 cum
1238 2826 1345 2917 igitur

200 2944 325 3011 rationi
344 2949 473 3033 pareat,
503 2941 644 3009 sibimet
667 2943 733 3031 ipsi
759 2941 1000 3009 tantummodo
1026 2965 1145 3032 parere
1179 2949 1275 3010 etse
1304 2943 1346 3010 ad

200 3060 378 3151 agendum
407 3061 512 3142 ferre,
538 3082 610 3126 non
636 3057 741 3126 rebus
769 3058 863 3126 ferri.
892 3058 997 3150 Porro
1025 3060 1169 3128 omnino
1195 3058 1344 3148 perfecte

201 3200 317 3267 agere,
344 3199 424 3245 cum
451 3176 525 3267 ipse
550 3176 893 3267 perlectumbonum
919 3176 974 3243 sit.
999 3175 1130 3243 ldcirco
1152 3178 1245 3240 tanto
1264 3194 1344 3237 eum

200 3295 346 3363 liberius
366 3300 470 3384 atque
496 3294 671 3384 potentius
696 3316 797 3384 agere
822 3295 952 3384 quanto
973 3290 1056 3358 boni
1078 3294 1210 3356 natur‘ae
1233 3288 1345 3378 magis

202 3412 402 3480 asserviat⁸.

247 3644 338 3732 Ergo
351 3648 429 3710 ‘tolo
450 3641 537 3708 coelo
555 3640 724 3707 erravisse
746 3639 952 3719 Genesium,
981 3637 1054 3726 qui,
1076 3659 1120 3704 ne
1145 3638 1258 3704 Deum
1278 3660 1349 3706 non

205 3756 644 3852 omnipotentemlaceret,
671 3756 783 3844 ipsam
812 3755 875 3821 Dei
911 3754 1099 3821 essentiam
1129 3754 1293 3822 everterit
1317 3760 1351 3822 et

203 3879 381 3958 Fortunae,
406 3896 476 3941 non
504 3894 585 3941 vero
611 3873 682 3939 Deo
706 3869 879 3938 mundum
910 3869 1102 3936 obnoxium
1127 3892 1203 3937 esse
1232 3886 1350 3937 revera

207 3992 444 4073 declaraverit,
466 3989 662 4057 Leibnitius
680 3987 867 4055 concludit.
886 3986 999 4068 Quem
1015 3987 1051 4053 in
1064 4008 1218 4055 errorem
1235 3985 1350 4075 lapsu-

239 4212 260 4258 l.
277 4209 365 4267 Gerh,
381 4211 400 4257 t.
415 4208 458 4268 lV,
474 4222 500 4272 p.
515 4208 568 4255 293.

239 4293 262 4338 2.
279 4288 316 4338 Cf.
334 4290 481 4338 Descertes.
499 4288 585 4336 lettre
598 4288 614 4336 ὰ
629 4287 773 4345 Memorem,
791 4283 840 4333 loe.
855 4284 899 4333 cit.

240 4371 262 4419 3.
279 4371 367 4420 reme
381 4373 397 4418 ιι
415 4369 542 4434 rurippi.
559 4369 649 4429 cern,
666 4370 683 4417 ι.
701 4367 745 4428 ιιι,
762 4380 788 4430 p.
802 4366 846 4415 ιιι
862 4364 952 4428 (roeo).
