2964 4988
189 339 225 391 64
456 339 501 394 DE
527 339 720 394 LiBERTATE
744 340 838 394 APUD
864 341 1067 396 LEIBNITIUM

191 489 470 580 uniuscujusque
491 491 541 556 sic
565 495 713 556 tormata
732 495 857 557 natura
871 498 922 556 est
942 496 981 557 ut
1000 492 1159 558 omnium
1178 498 1336 558 actorum

190 629 266 696 quae
281 607 435 673 facturus
452 606 497 672 sit
512 607 611 694 quasi
630 606 788 695 germina
802 605 970 688 involvat,
989 629 1071 696 ergo
1091 609 1332 697 unusquisque

187 721 231 788 ad
244 721 418 812 agendum
435 721 759 811 praedeterminatus
774 726 837 789 est.

171 880 176 888 ,
233 837 320 904 Cum
341 841 459 904 autem
480 835 662 904 hominem
687 836 886 926 quemdam,
905 836 1169 928 qualiscumque
1190 846 1254 923 est,
1273 840 1336 908 hac

187 975 259 1019 una
272 951 313 1019 de
327 975 433 1018 causa
445 952 538 1020 Deus
558 952 661 1020 faciat
677 952 768 1042 quod
786 952 894 1021 libere
919 976 999 1020 eum
1019 955 1056 1020 in
1077 954 1207 1022 mundo
1229 957 1337 1044 possi-

185 1067 248 1136 bili
265 1073 425 1158 agentem
443 1068 539 1150 vidit,
556 1091 626 1136 non
643 1068 761 1135 minus
780 1067 888 1136 iibere
904 1092 984 1136 eum
1008 1070 1046 1135 in
1066 1072 1198 1137 mundo
1221 1076 1336 1139 creato

184 1206 286 1275 agere
311 1189 415 1275 patet.
452 1184 541 1252 Nam
570 1184 676 1251 homo
706 1185 866 1273 quisque,
893 1191 1013 1274 utp'ote
1047 1187 1106 1274 qui
1138 1186 1174 1253 in
1202 1187 1335 1255 mundo

184 1299 269 1371 reali
290 1300 384 1367 idem
409 1301 454 1368 sit
478 1301 538 1388 qui
559 1300 596 1366 in
618 1298 751 1367 mundo
767 1300 937 1388 possibili,
957 1305 994 1368 ut
1013 1302 1050 1367 in
1071 1324 1152 1383 uno,
1172 1303 1220 1370 ita
1240 1308 1274 1369 et
1298 1303 1335 1368 in

183 1415 293 1491 altero
310 1414 407 1484 liber.
444 1446 453 1463 ⁴
977 1509 979 1513 Ι

229 1531 328 1614 Quod
347 1554 447 1621 porro
464 1554 482 1597 a
502 1532 607 1620 priori
627 1539 779 1621 apparet.
802 1532 892 1599 Nam
913 1533 941 1598 si
963 1532 1071 1613 Deus,
1093 1540 1277 1622 postquam
1298 1535 1335 1600 in

183 1648 315 1729 mundo
333 1647 486 1738 possibili
509 1647 617 1714 libere
638 1654 781 1736 agentes
797 1647 958 1715 homines
978 1648 1077 1731 vidit,
1097 1671 1155 1715 eos
1172 1649 1220 1715 ita
1240 1672 1335 1717 crea-

183 1765 289 1832 visset
304 1770 343 1830 ut
358 1764 394 1829 in
416 1763 548 1830 mundo
571 1762 657 1830 reali
681 1785 753 1830 non
773 1762 875 1831 liberi
895 1768 1022 1844 essent,
1040 1787 1143 1854 quem
1161 1766 1335 1854 optimum

185 1902 260 1947 esse
273 1879 500 1970 judicavisset
515 1878 690 1946 mundum
712 1901 934 1968 nequaquam
951 1881 1149 1948 creavisset.
1173 1882 1334 1948 Ceterum

183 2019 252 2063 non
273 1995 419 2063 dubium
444 2000 496 2063 est
520 1995 605 2084 quin
631 1994 811 2061 hominem
834 2017 1010 2085 quemque
1036 1995 1187 2063 liberum
1218 2018 1335 2063 creare

186 2111 335 2201 potuerit
349 2131 355 2175 :
369 2132 453 2177 nam
465 2133 535 2177 non
548 2111 666 2176 minus
682 2109 790 2177 libera
800 2111 961 2199 quamvis
973 2110 1202 2179 determinata
1215 2113 1335 2179 unius-

186 2225 357 2315 cujusque
380 2227 468 2293 actio
488 2225 555 2293 dici
576 2224 688 2307 debet,
711 2225 740 2291 si
756 2225 898 2314 quidem
914 2247 985 2293 non
1006 2226 1123 2293 minus
1145 2235 1336 2318 spontanea

185 2365 298 2432 neque
323 2343 530 2432 contingens
554 2364 619 2409 nec
641 2341 848 2431 intellegens
867 2352 930 2409 est.
954 2341 1054 2423 Quod
1079 2366 1230 2434 semper,
1250 2344 1336 2414 velit

185 2457 288 2526 modo
304 2459 411 2541 Deus,
427 2480 502 2525 esse
518 2464 640 2547 potest.

228 2922 329 3003 Quod
349 2928 466 2988 autern
488 2920 529 2988 ad
551 2942 760 2987 concursum
777 2919 937 2987 divinum
959 2921 1175 2990 ordinarium
1195 2925 1332 3009 attinet,

183 3047 222 3106 ut
237 3060 318 3105 eum
335 3037 478 3105 omnino
499 3036 600 3104 nobis
622 3035 665 3104 ad
685 3035 860 3126 agendum
883 3038 1120 3106 necessarium
1140 3040 1334 3107 Leihnitius

182 3153 328 3245 judicat,
342 3155 390 3220 ita
403 3175 467 3221 nos
480 3159 598 3220 tamen
612 3174 683 3218 non
696 3153 814 3219 miuus
826 3175 902 3220 esse
913 3151 1041 3221 liberos
1053 3154 1133 3221 inde
1144 3154 1329 3222 concludit.

230 3269 320 3337 Illud
349 3269 537 3338 admodum
563 3264 755 3338 his‘verbis
780 3269 964 3337 confirmat
990 3291 997 3335 :
1022 3299 1038 3331 «
1065 3270 1138 3358 Ego
1168 3291 1329 3358 agnosco,

188 3415 204 3450 «
231 3387 357 3476 inquit,
380 3407 590 3453 concursum
617 3385 679 3452 Dei
708 3385 756 3451 ita
782 3385 1016 3452 necessarium
1042 3406 1129 3465 esse,
1152 3389 1203 3466 nt,
1223 3385 1333 3474 posita

189 3531 204 3564 «
231 3505 515 3591 quantacumque
526 3501 656 3568 virtute
674 3506 852 3580 creaturae,
864 3522 935 3566 non
950 3504 1039 3565 esset
1055 3504 1219 3566 secutura
1230 3501 1331 3584 actio,

186 3647 202 3679 (ι
230 3619 255 3682 si
278 3619 371 3684 Deus
387 3615 607 3683 subtraheret
622 3626 850 3683 concursum¹
867 3643 895 3681 o.

229 3732 325 3800 Nihil
353 3731 461 3812 enim,
485 3731 553 3796 nisi
582 3730 770 3821 adjuvante
799 3732 884 3811 Deo,
912 3730 1088 3813 exsistere,
1120 3754 1202 3823 ergo
1230 3755 1333 3822 agere

186 3857 315 3941 potest;
340 3870 420 3915 nam
447 3847 537 3914 nihil
560 3847 628 3913 nisi
643 3847 762 3913 divina
781 3846 962 3913 voluntate
988 3848 1238 3915 conservari«
1262 3848 1332 3916 Nec

188 3995 205 4029 «
232 3967 324 4033 male
347 3965 475 4032 dieitur
496 3965 797 4032 conservationem
827 3985 901 4030 esse
927 3965 1166 4032 continuatam
1188 3965 1333 4033 creatio-

188 4111 204 4144 «
232 4094 344 4150 nem¹.
364 4111 379 4144 »
408 4080 521 4162 Quam
538 4080 747 4147 sententiam
771 4067 956 4168 explicarit
974 4102 1053 4146 cum
1071 4080 1144 4148 haec
1167 4081 1331 4170 scripsit:

221 4253 242 4310 1'.
260 4261 332 4310 Corr.
349 4274 410 4310 avec
425 4260 472 4308 dee
486 4260 586 4308 Bootes.
601 4258 689 4317 Gchr„
703 4258 724 4307 t.
738 4258 770 4319 ii,
785 4272 810 4320 p.
827 4257 871 4306 295
885 4256 974 4320 (itte).

221 4345 243 4390 a.
260 4340 349 4402 ueri,
364 4343 382 4390 r.
396 4340 443 4399 111,
456 4354 482 4403 p.
498 4340 535 4388 ee.
