2964 4988
170 394 204 446 38
437 390 484 446 DE
508 373 705 447 LIBERTATE'
725 392 820 447 APUD
846 389 1049 445 LElBNlTlUM

170 542 398 610 substantiam
424 565 498 610 esse
522 542 718 610 Leibnitius
740 543 913 633 opinatur.
934 541 1058 608 (lmnis
1078 547 1196 608 autem
1216 539 1316 608 subs-

172 660 280 726 tantia
298 659 350 724 vis
373 657 530 748 quaedam
552 664 604 726 est
629 664 830 749 spontanea.
853 658 940 726 Cum
960 657 1055 724 enim
1080 657 1151 724 sint
1174 678 1317 746 compo·

171 776 245 842 silae
268 797 336 857 res,
358 775 426 842 illae
455 797 530 841 esse
554 797 626 841 non
654 779 807 864 possent,
830 774 898 840 nisi
919 801 936 836 a
962 771 1125 840 Monades
1150 800 1166 834 a
1187 778 1314 839 essent.

169 891 258 957 Nam
285 894 334 974 ut,
360 889 521 979 pluribus
551 891 654 957 rebus
683 890 883 979 compositae
913 912 967 956 res
990 889 1169 972 exsistant,
1195 892 1228 955 et
1246 910 1317 954 non

168 1007 370 1096 compositae.
386 1006 456 1071 sint
476 1027 531 1073 res
555 1027 695 1073 neeesse
720 1004 804 1073 est¹.
830 1005 888 1088 At,
906 1027 987 1072 oum
1008 1000 1177 1095 quidquid
1200 1008 1318 1071 exten·

171 1121 264 1189 ditur
293 1121 467 1189 divisibile
492 1122 548 1204 sit,
578 1115 673 1188 nulla
695 1121 841 1189 materia
865 1125 1007 1188 extensa
1032 1147 1048 1181 a
1070 1119 1191 1187 Monas
1209 1147 1225 1182 »
1249 1118 1318 1187 dici

170 1241 295 1328 potest,
326 1236 419 1305 unde
450 1238 608 1327 sequitur
636 1242 675 1305 ut
699 1237 819 1303 Monas
842 1258 989 1327 quaeque
1019 1226 1212 1326 spiritualis
1240 1231 1314 1302 sit’.

61 1338 64 1348 ι
171 1352 307 1435 Quibus
344 1351 448 1419 rehus
486 1352 626 1442 positis,
668 1352 803 1419 nullam
841 1350 1030 1421 Monadum
1072 1351 1109 1418 in
1155 1350 1318 1419 Monades

171 1473 351 1536 externam
381 1490 455 1535 esse
485 1490 586 1557 posse
616 1469 789 1535 actionem
818 1467 942 1558 liquet,
969 1467 998 1534 si
1022 1467 1163 1556 quidem
1187 1490 1207 1534 a
1233 1467 1317 1535 foris

171 1586 208 1651 in
233 1606 308 1652 rem
336 1583 525 1674 quamdam
552 1606 654 1691 agere
681 1584 797 1674 quivis
823 1606 894 1650 non
915 1589 1028 1671 potest
1052 1583 1121 1649 nisi
1145 1574 1241 1650 illius
1268 1584 1319 1650 rei

173 1706 288 1791 partes
311 1705 562 1768 eommoveat⁸.
589 1700 712 1767 Nullas
740 1704 859 1767 autem
893 1722 971 1767 oum
1005 1698 1166 1766 Monades
1191 1698 1319 1766 hahere

172 1821 287 1906 partes
325 1820 491 1905 appareat
526 1816 608 1905 quia
647 1814 812 1883 Monades
845 1820 940 1897 sunt,
974 1814 1065 1881 nihil
1104 1815 1320 1882 extrinsecus
1374 1900 1376 1903 v

171 1932 209 1998 in
234 1930 400 1998 Monades
429 1954 529 2021 agere
552 1936 611 1998 aut
633 1932 764 1998 intrare
794 1953 894 2019 posse
920 1929 1112 1998 Leibnitius
1142 1931 1316 2021 opinatur.

173 2047 235 2113 Est
263 2052 381 2113 tamen
412 2047 449 2113 in
478 2045 686 2113 Monadibus
715 2044 861 2137 aliquid,
897 2050 1017 2135 utpote
1047 2069 1137 2135 quae,
1170 2047 1199 2113 si
1229 2046 1320 2114 nihil

173 2168 300 2244 essent,
322 2156 422 2230 nullo
443 2161 545 2229 modo
563 2163 770 2229 exsisterent
785 2184 899 2252 neque
915 2184 969 2229 res
989 2162 1318 2252 distinguerentur⁴.

173 2276 293 2360 Porr0,
323 2276 415 2368 quod
446 2278 483 2345 in
511 2268 717 2345 Monadibus
749 2279 839 2346 inest
874 2279 1041 2346 continuo
1071 2279 1201 2346 mutari
1230 2278 1321 2346 arhi-

173 2394 339 2462 trandum
367 2400 440 2478 est;
471 2394 615 2478 etenim,
641 2393 712 2461 nisi
736 2393 900 2462 Monades
927 2416 1063 2482 semper
1086 2399 1318 2478 mutarentur,

173 2533 246 2577 non
266 2514 382 2599 posset
401 2509 559 2599 intellegi
579 2532 641 2577 eur
661 2509 782 2578 omnia
801 2511 839 2577 in
852 2511 1016 2577 universo
1031 2505 1132 2578 nulla
1146 2511 1322 2592 intermis-

175 2627 271 2693 sione
285 2631 573 2693 oommutentur⁸.
590 2617 692 2715 Erg0,
716 2646 797 2693 oum
812 2624 933 2693 Mouas
955 2619 1147 2716 spiritualis
1160 2626 1217 2711 sit,
1228 2626 1266 2693 in
1282 2650 1322 2695 ea

176 2741 267 2808 inest
299 2768 312 2802 a
348 2741 522 2830 perceptio
554 2762 595 2824 »ς
626 2740 710 2831 quid
740 2741 836 2808 enim
860 2743 898 2808 in
920 2732 1094 2832 spirituali
1114 2739 1265 2832 quadam
1286 2766 1322 2811 re

174 2857 288 2922 inesse
322 2859 356 2922 et
384 2855 592 2922 commutari
616 2860 740 2945 potest,
765 2856 834 2923 nisi
859 2856 952 2946 quod
978 2856 1214 2946 percipitur⁸?
1234 2859 1322 2927 Cum

175 2977 294 3040 autem
312 2971 349 3037 in
368 2970 552 3039 Monadem
572 2971 665 3038 nihil
685 2993 703 3039 e
719 2971 803 3038 foris
821 2972 950 3040 intrare
972 2996 1086 3063 neque
1107 2975 1322 3042 extrinsecus

176 3109 253 3155 eam
285 3091 500 3154 commutare
529 3086 654 3170 valeat,
687 3087 900 3178 principium
931 3089 964 3157 ei
996 3089 1175 3157 internum
1209 3091 1321 3155 inesse

175 3204 372 3272 necessario
386 3202 627 3272 arbitrandum
643 3210 696 3271 est
710 3227 779 3294 quo
795 3204 954 3272 Monadis
969 3204 1125 3294 cujusvis
1142 3206 1321 3270 mutentur

176 3319 450 3411 perceptiones⁷.
475 3318 576 3402 Quod
597 3321 811 3412 principium
833 3318 1030 3389 Leibnitius
1051 3346 1067 3381 «
1089 3314 1282 3407 appetitum
1304 3343 1319 3378 o

177 3440 369 3525 nuncupat.

222 3551 284 3618 His
300 3555 417 3618 autem
437 3550 540 3620 rebus
561 3552 696 3641 positis,
713 3548 892 3642 qualissit
911 3549 1067 3617 humana
1087 3543 1322 3638 spontaneitas

178 3671 295 3735 mente
317 3665 484 3734 facillime
517 3665 767 3756 comprehendi
797 3687 898 3756 posse
931 3664 1082 3734 videtur.
1111 3663 1198 3732 Cum
1228 3666 1322 3733 enim

210 3910 232 3959 l.
248 3905 440 3972 Monadotoqie,
456 3918 514 3971 par.
528 3907 553 3954 2.

209 3989 234 4038 2.
250 3987 328 4049 laid„
343 4000 402 4052 par.
416 3989 438 4036 3.

210 4069 232 4119 3.
249 4068 326 4130 leid,
341 4081 398 4133 par.
414 4069 437 4116 ¹1.

210 4153 233 4200 l.
250 4147 329 4210 thid„
342 4161 401 4212 par.
417 4149 440 4196 8.

211 4233 234 4280 5.
250 4228 328 4289 laid,
343 4240 400 4291 par.
417 4229 471 4278 tet
487 4229 525 4278 1⁰.

210 4311 234 4358 6,
250 4307 326 4370 laid,
339 4322 398 4372 par.
417 4309 444 4357 12
459 4311 485 4359 et
501 4310 538 4357 lt.

211 4391 234 4438 ¹1.
248 4388 322 4450 uid,
335 4402 392 4453 par.
404 4388 443 4438 15.
