2964 4988
224 532 386 699 nn
478 531 1222 701 arcananii]

301 931 543 1057 APUD
613 932 1148 1056 LEIBNITIUM

533 1746 696 1817 CAPUT
729 1745 928 1816 PRIMUM

517 2022 557 2070 ΟΕ
584 2021 780 2071 totumne
808 2021 948 2070 ΗϋΜΑΝΑ

433 2252 532 2298 QUIBUS
551 2253 717 2294 annotamus
735 2254 769 2292 DE
789 2253 893 2292 HUNANI
908 2231 1033 2292 'Anntrnll

267 2350 376 2390 NATURA
394 2351 568 2389 LEIBNITIANA
588 2352 733 2391 SENTENTIA
750 2351 864 2390 rannus
882 2351 1016 2390 cosnosci
1033 2351 1089 2389 NON
1108 2351 1201 2391 roseln

307 2448 361 2487 NISI
380 2447 510 2493 QUOMODO
530 2449 622 2488 ntvlrtt
642 2449 781 2488 VOLUNTAS
800 2449 871 2487 Acar
890 2449 978 2488 ANTEA
997 2449 1160 2488 annobrnnts

706 2669 710 2680 ‘
728 2701 744 2767 1

209 2952 247 3019 Si
277 2951 356 3040 quis
378 2950 470 3017 unde
491 2950 750 3040 disceptationis
774 2952 815 3018 de
847 2951 1002 3019 bumana
1032 2951 1191 3019 libertate
1216 2952 1308 3042 apud

165 3066 381 3134 Leibnitium
402 3064 562 3132 enodatio
586 3065 735 3154 pendeat
755 3065 857 3155 plane
884 3067 1089 3156 intellegere
1109 3067 1206 3151 velit,
1227 3090 1309 3137 eum

165 3184 277 3272 primo
291 3178 467 3272 quomodo
484 3179 582 3246 illam
598 3179 641 3246 ad
655 3180 885 3269 quaestioncm
902 3183 1077 3250 Cartesius
1093 3182 1310 3274 Spinozaque

166 3298 319 3388 aggressi
342 3298 414 3364 sint
432 3295 637 3364 meminisse
657 3295 767 3363 decet.
791 3297 864 3363 Hoo
885 3297 980 3364 enim
999 3298 1036 3365 in
1053 3296 1228 3368 Leibnitio
1248 3323 1312 3369 no-

167 3413 299 3481 tatione
328 3411 475 3504 dignum
501 3411 687 3503 estquod,
712 3434 781 3502 qua
810 3412 861 3480 rei
890 3413 1078 3483 tractandae
1105 3417 1165 3484 via
1192 3417 1311 3502 utitur,

168 3529 269 3617 quasi
284 3528 440 3597 medium
461 3529 554 3596 inter
571 3528 652 3596 illos
672 3527 898 3618 philosophos
916 3529 1032 3611 locum
1048 3531 1194 3600 obtinet.

214 3731 301 3801 Cum
319 3739 514 3824 separatam
536 3755 611 3801 esse
632 3732 864 3802 substantiam
885 3735 998 3803 Deum
1024 3734 1199 3804 Cartesius
1222 3738 1314 3806 exis-

168 3851 280 3932 timet,
298 3850 484 3938 separatim
504 3848 645 3933 idcirco,
667 3871 712 3916 an
731 3850 789 3932 sit,
811 3850 909 3938 prius
928 3849 1046 3936 homo,
1069 3852 1194 3920 deinde
1219 3855 1313 3923 Deus

168 3966 278 4034 libero
295 3965 438 4033 arbitrio
453 3964 620 4054 praeditus
637 3966 851 4053 perscrutari
869 3967 1017 4056 cogitur.
1037 3966 1181 4057 Utrique
1196 3977 1314 4039 autem

170 4082 320 4150 liberum
339 4080 523 4155 arbitrium
538 4080 661 4148 tribuit
681 4080 786 4147 idem.
802 4081 891 4148 Nam
908 4087 943 4149 et
956 4083 1176 4152 voluntatem
1195 4084 1317 4156 buma-

171 4221 254 4266 nam
274 4198 317 4266 ab
343 4197 499 4265 humano
522 4194 704 4262 intellectu
725 4196 824 4263 nullo
844 4198 947 4265 modo
967 4198 1129 4287 pendere,
1153 4207 1186 4268 et
1205 4203 1318 4269 Deum

173 4338 245 4382 non
267 4320 406 4383 tantum
432 4312 570 4403 proprio
591 4309 774 4378 intellectu
796 4333 866 4379 non
893 4315 1097 4406 constringi,
1127 4318 1187 4384 sed
1213 4319 1319 4388 etiam

268 4450 391 4500 naasion.
1184 4454 1195 4498 1
1228 4500 1233 4507 ,
