2964 4988
184 369 199 418 2
449 368 495 422 DE
521 368 713 422 LIBERTATE
735 370 828 425 APUD
855 370 1057 426 LElBNlTlUM

182 539 259 606 quae
277 518 474 585 «veritates
495 524 664 586 aeternae»
684 525 786 610 atque
808 549 823 582 «
847 523 1005 589 essentiae
1025 551 1041 584 »
1060 521 1220 590 dicantur
1240 544 1321 591 eum

181 617 351 700 creavisse
377 623 560 723 judicarit.
588 635 656 702 Sed
686 635 727 702 de
757 636 828 703 illis
860 636 965 705 rebus
992 637 1094 728 longe
1127 638 1213 705 alias
1240 662 1321 707 eum

178 751 332 839 potuisse
349 751 539 818 sententias
555 749 682 818 habere
702 751 927 820 manifestum
942 761 1014 836 est;
1029 754 1181 844 exempli
1196 757 1320 845 gratia,

176 865 251 933 Deo
273 864 437 947 liberum,
461 864 596 933 homini
619 865 890 935 determinatum
912 867 1096 936 arbitrium
1122 871 1197 937 sine
1218 894 1323 961 repu-

177 981 322 1072 gnantia
336 981 489 1049 tribuere
505 981 629 1071 potuit.
651 983 803 1050 Homine
826 984 919 1050 enim
937 1006 958 1052 a
973 986 1045 1053 Deo
1061 985 1231 1075 sejuncto,
1248 1010 1321 1055 non

176 1098 304 1167 divinae
340 1097 532 1165 voluntatis
566 1104 691 1166 natura
722 1105 886 1166 naturam
926 1100 1088 1169 humauae
1125 1102 1319 1172 voluntatis

175 1213 336 1282 involvit.

218 1447 374 1537 Spinozae
392 1453 511 1513 contra
535 1468 607 1513 non
632 1445 760 1536 plures,
784 1447 845 1515 sed
868 1471 975 1516 unam
998 1455 1137 1519 tantum
1157 1453 1318 1522 substan-

171 1564 258 1631 tiam
277 1563 444 1631 exsistere
464 1563 580 1631 visum
604 1568 655 1630 est
679 1586 687 1633 :
710 1563 840 1652 quippe
855 1565 915 1655 qui
932 1565 1136 1655 scripserit:
1159 1569 1317 1637 «Modus

171 1678 299 1747 divinae
315 1678 560 1747 extensionis»
577 1701 703 1768 corpus
719 1679 913 1747 humanum
930 1688 993 1765 est,
1012 1710 1028 1744 α
1047 1683 1172 1783 modus
1188 1686 1315 1754 divinat

170 1795 391 1885 cogitationis
414 1823 430 1857 »
452 1817 552 1862 mens
571 1793 739 1862 humana.
769 1796 884 1885 Atque
909 1797 1016 1865 etiam
1039 1798 1258 1867 intellectum
1283 1807 1317 1869 et

169 1910 389 1979 voluntatem
410 1909 603 1978 humanam
625 1910 725 1978 nullo
748 1910 875 1978 distare
897 1913 1083 1981 intervallo
1099 1915 1312 1983 arbitratur:

169 2054 185 2090 «
209 2050 323 2095 unum
351 2034 386 2095 et
408 2025 502 2094 idem
528 2055 544 2090 »
571 2049 647 2095 esse
679 2026 826 2095 diversis
854 2030 1057 2098 nominibus
1084 2031 1312 2121 appellatum.

168 2142 347 2234 Quidquid
362 2143 471 2233 igitur
486 2143 677 2232 incorpore
693 2143 848 2211 humano
863 2144 934 2228 fiat,
952 2145 988 2213 id
1003 2147 1104 2214 eDeo
1118 2147 1182 2214 sub
1198 2149 1312 2237 specie

167 2260 381 2327 extensionis
415 2258 632 2326 considerato
661 2281 815 2341 manare,
851 2260 1021 2350 quidquid
1054 2263 1091 2328 in
1124 2270 1239 2331 mente
1278 2270 1313 2332 et

165 2376 345 2443 voluntate
361 2375 528 2457 humane,
547 2397 565 2442 e
582 2375 670 2442 serie
686 2374 843 2442 idearum
857 2375 967 2444 divini
989 2377 1200 2447 intellectus.
1220 2380 1313 2448 Illud

166 2493 260 2559 enim
291 2491 384 2582 quod
417 2491 454 2559 in
482 2490 600 2558 divina
634 2491 838 2558 extensione
864 2515 991 2583 corpus
1025 2493 1178 2580 dicatur,
1212 2497 1248 2564 id
1276 2497 1313 2564 in

167 2609 285 2676 divina
304 2608 516 2698 cogitatione
535 2613 704 2691 mentem,
723 2607 856 2675 scilicet
869 2608 1087 2679 intellectum
1110 2617 1172 2679 aut
1187 2611 1313 2680 volun·

165 2730 272 2792 tatem
287 2724 475 2812 nominari.
493 2724 584 2814 Ergo
605 2723 819 2813 quicumque
839 2730 958 2791 utrum
974 2722 1130 2794 humana
1148 2728 1312 2795 voluntas

165 2840 325 2909 libertate
348 2845 469 2907 ornate
493 2841 538 2906 sit
558 2862 669 2906 necne
692 2838 886 2929 dijudicare
907 2840 1034 2930 cupiet,
1052 2864 1134 2910 eum
1156 2849 1312 2934 spectare

165 2956 309 3040 debere,
331 2964 451 3023 utrum
474 2954 601 3022 divinae
627 2954 831 3022 substantiae
850 2956 946 3023 modi
967 2958 1164 3027 necessario
1185 2959 1228 3028 ab
1254 2960 1315 3028 illa

164 3095 273 3141 necne
298 3071 593 3163 profluantssum
619 3072 714 3138 enim
738 3093 839 3138 mens
861 3069 1016 3141 humana
1039 3073 1130 3142 nihil
1150 3076 1247 3144 aliud
1269 3077 1314 3142 sit

164 3212 271 3279 quam
286 3190 364 3256 idea
379 3187 533 3280 corporis
551 3185 699 3254 humani
714 3185 751 3254 in
766 3187 949 3256 intellectu
965 3188 1097 3274 divino,
1115 3191 1226 3280 legem
1243 3213 1312 3280 qua

165 3306 318 3374 hominis
338 3311 478 3396 regatur
496 3304 659 3372 voluntas
679 3308 816 3372 tantum
837 3304 995 3393 intellegi
1015 3327 1115 3395 posse
1134 3327 1214 3374 cum
1234 3327 1312 3397 quee

166 3423 210 3489 sit
233 3422 353 3489 divina
375 3421 526 3489 essentia
545 3419 648 3511 plane
668 3420 885 3510 cognoveris.
906 3420 1028 3511 Itaque
1056 3420 1252 3488 rationibus
1272 3444 1312 3489 eo

166 3537 350 3606 deducitur
370 3537 529 3626 Spinoza‚
553 3557 634 3603 cum
654 3537 885 3625 quaestionem
908 3535 950 3604 de
973 3535 1129 3604 humana
1152 3536 1313 3606 libertate

166 3654 330 3736 instituit,
353 3658 392 3720 ut
414 3675 533 3721 secum
553 3652 627 3742 ipse
657 3658 789 3741 quaerat
815 3660 934 3720 utrum
953 3675 1096 3721 necesse
1126 3653 1171 3721 sit
1200 3653 1313 3724 divini

165 3770 259 3839 modi
275 3793 293 3839 e
309 3769 430 3837 divina
446 3797 462 3832 «
481 3769 632 3837 essentia
651 3796 680 3851 »‚
692 3790 817 3852 necne,
835 3769 1020 3858 profluant.

209 4006 282 4072 Hoc
306 4008 424 4072 autem
444 4001 618 4070 Leihnitio
639 4001 832 4091 proprium,
855 4000 961 4089 quod,
981 4025 1063 4071 cum
1084 4005 1173 4073 sicut
1194 4005 1312 4072 Carte-

166 4122 238 4189 sius
258 4120 416 4188 divinam
438 4117 670 4186 substantiam
695 4115 978 4207 substantiasque
1008 4126 1142 4188 creatas
1168 4120 1312 4187 omnino

166 4237 342 4329 sejunctas
372 4260 447 4304 esse
475 4236 661 4317 existimet,
691 4255 768 4301 eam
796 4239 914 4301 tamen
942 4232 983 4300 de
1006 4232 1152 4302 humani
1177 4235 1312 4303 arbitrii

164 4360 290 4427 nature
314 4354 524 4422 sententiam
546 4351 704 4439 concepit
728 4355 768 4416 ut
791 4349 889 4417 illam
913 4349 1001 4417 hene
1023 4349 1225 4440 intellegere
1241 4372 1311 4419 non
