2964 4988
415 363 461 415 DE
481 363 632 418 HUMANA
650 363 844 426 DlVlNhQUE
867 362 1059 416 LIBERTATE
1279 366 1311 417 37

167 509 239 576 nlla
261 532 342 578 cum
368 513 576 579 necessitate
606 513 784 594 obrutum,
811 512 871 579 sed
896 512 1041 579 omnino
1061 511 1192 578 bonum
1223 536 1309 580 esse.

169 626 375 715 Continpens
404 627 532 695 idcirco
563 629 627 695 Dei
656 627 836 695 decretum
866 650 934 717 quo
967 629 1174 694 universum
1204 633 1309 708 creat,
1409 699 1413 706 x
1457 638 1459 646 '

167 764 280 830 noque
307 765 348 809 ex
368 742 441 809 ulla
462 743 701 834 metaphysica
721 744 926 811 necessitate
951 748 1080 826 manat,
1105 745 1266 833 quamvis
1294 766 1312 811 e

168 856 292 924 morali
330 857 488 947 pendeat.
522 860 610 926 Nam
640 859 911 949 haudquaquam
940 859 1252 926 contradictionem
1284 861 1313 926 si

167 974 319 1040 mundus
339 973 430 1041 alius
450 980 584 1042 creatus
601 976 646 1042 sit
667 981 770 1065 atque
795 998 915 1042 revera
935 981 999 1056 θεῖ,
1024 975 1096 1059 sed,
1118 980 1157 1041 ut
1176 976 1313 1066 scripsit

167 1088 374 1170 Leibnitius,
391 1074 723 1180 «imperfectionem
739 1093 811 1160 sive
834 1090 1086 1159 absurditatem
1106 1090 1274 1158 moralem
1296 1119 1311 1152 »

166 1204 331 1295 implicet.

211 1321 289 1389 Non
314 1323 421 1412 igitur
442 1322 644 1411 indifferens
665 1324 729 1391 Dei
753 1323 936 1390 arbitrium
960 1346 1039 1391 cum
1066 1321 1108 1390 ab
1133 1322 1314 1390 intellectu

168 1436 243 1526 ejus
263 1461 303 1506 ac
319 1439 497 1506 voluntate
514 1440 619 1506 simul
641 1439 800 1530 pendeat,
823 1438 881 1535 sed
898 1420 1162 1505 determinatum
1181 1459 1313 1528 :neque

167 1567 322 1621 coactum
351 1578 431 1622 curn
459 1554 681 1645 possibilium
714 1554 800 1622 ideae
827 1555 1026 1623 occasiones
1057 1577 1120 1622 cnr
1140 1561 1219 1643 agat
1243 1577 1315 1621 non

167 1693 280 1738 causae
303 1672 384 1755 sint,
405 1671 464 1738 sed
484 1655 725 1760 spontaneum,
745 1693 784 1738 ac
803 1671 1027 1738 deliberatum
1055 1692 1061 1738 :
1082 1693 1146 1738 neo
1165 1693 1316 1751 necesso·

166 1786 269 1869 rium,
288 1786 347 1853 sed
363 1787 562 1877 conlinpens
575 1809 654 1854 cum
680 1786 775 1854 alind
796 1794 902 1875 atque
928 1793 979 1853 est
1006 1809 1079 1853 esse
1096 1788 1265 1876 potuisset
1284 1787 1314 1852 si

167 1902 262 1969 Deus
278 1903 463 1987 voluisset3
481 1903 651 1972 voluisset
666 1910 782 1970 antem
794 1903 889 1970 Deus
903 1903 932 1969 si
950 1904 1068 1968 minus
1084 1903 1194 1970 bonus
1210 1899 1312 1970 essct

165 2018 287 2107 Itaque
307 2018 408 2100 liber,
431 2041 511 2086 cum
530 2018 672 2085 libertas
695 2018 894 2085 necessitati
915 2023 1124 2107 opponatur,
1146 2017 1315 2085 delibera·

167 2135 260 2202 tione
281 2134 410 2219 addita,
432 2135 527 2201 Deus
546 2157 617 2201 non
634 2136 810 2202 immerito
828 2135 895 2202 dici
914 2140 1036 2224 potest.
1054 2134 1143 2201 Nam
1161 2133 1315 2222 quando·

167 2250 309 2339 quidem
332 2250 420 2316 liber
448 2254 500 2316 est
528 2251 589 2338 qui
616 2255 726 2318 semet
747 2251 821 2337 ipse
850 2249 893 2317 ad
920 2250 1093 2339 agendum
1120 2248 1197 2332 fert,
1224 2249 1314 2317 illud

167 2367 360 2434 voluntatis
380 2363 508 2432 divinae
524 2388 599 2432 esse
623 2366 804 2455 proprium
826 2370 979 2454 apparet,
995 2387 1075 2432 cum
1099 2370 1174 2431 acta
1196 2366 1314 2432 omnia

168 2481 273 2548 faciat
289 2485 371 2569 quia
387 2509 403 2541 «
431 2481 550 2547 omnia
568 2481 821 2569 sapientissime
837 2502 938 2569 agere
957 2508 972 2541 »
994 2480 1159 2547 decrevit.
1178 2481 1230 2546 Ex
1245 2503 1313 2570 quo

169 2598 251 2664 satis
265 2596 481 2686 intellegitur
493 2597 575 2686 quid
589 2597 836 2686 significaverit
852 2596 1044 2663 Leibnitius
1058 2618 1137 2662 cum
1152 2597 1288 2685 scripsit
1302 2619 1309 2664 :

172 2742 186 2775 r
212 2713 385 2781 inclinant
408 2741 424 2776 υ
441 2713 622 2802 possibilia
636 2713 854 2781 voluntatem
869 2712 1038 2794 divinam,
1060 2734 1131 2779 non
1153 2739 1168 2773 «
1192 2735 1312 2779 neces-

168 2831 273 2895 sitant
295 2858 324 2895 ».

213 3296 343 3365 Eadem
370 3317 453 3364 vero
477 3294 583 3361 verba
607 3316 673 3382 quo
701 3316 805 3360 sensu
832 3294 936 3360 etiam
959 3293 1123 3362 humanae
1143 3294 1314 3363 voluntati

169 3420 249 3504 apta
275 3415 358 3497 sint,
380 3413 444 3480 etsi
460 3411 642 3479 obscurius
657 3409 810 3491 videtur,
828 3409 982 3500 intellegi
1005 3415 1121 3477 tamen
1143 3416 1265 3500 potest.

212 3531 465 3620 Spontonecm,
501 3549 572 3594 non
606 3538 759 3592 coactum
793 3548 867 3592 esse
900 3524 1097 3593 humanum
1134 3526 1314 3594 arbitrium

165 3643 312 3735 jamjam
334 3645 371 3710 in
396 3644 508 3733 primo
533 3642 644 3730 capite
669 3641 834 3708 diximus
857 3641 996 3708 Etenim
1019 3664 1099 3710 cum
1123 3641 1315 3709 humanam

168 3761 384 3830 voluntatem
400 3757 525 3849 agendi
541 3759 694 3824 rationes
706 3779 777 3823 non
794 3761 833 3822 ut
847 3755 973 3824 libram
994 3757 1144 3846 pondera
1162 3757 1311 3836 trahant,

170 3884 271 3967 atque
293 3875 509 3942 decretorum
530 3873 739 3955 occasiones,
757 3895 828 3938 non
853 3895 966 3939 causae
989 3873 1070 3951 sint,
1089 3880 1226 3940 nosmet
1249 3874 1314 3962 ipsi

171 3992 211 4061 ad
241 3991 416 4081 agendum
440 3989 597 4071 ferimus,
619 4011 691 4056 non
716 3988 819 4055 rebus
846 3987 1102 4077 compellimur.
1129 3988 1218 4073 Ergo
1243 4012 1315 4055 non

171 4109 284 4197 magis
304 4128 409 4197 quam
426 4105 597 4186 divinum,
620 4111 779 4172 nostrum
793 4109 952 4171 coactum
969 4110 1020 4170 est
1035 4103 1233 4171 arbitrium.

217 4226 306 4292 Cum
326 4229 444 4288 tamen
459 4220 520 4286 illa
536 4219 699 4300 diximus,
714 4242 785 4286 non
800 4221 883 4286 satis
898 4219 999 4287 nobis
1014 4220 1185 4287 rationem
1204 4221 1318 4287 reddi-

174 4341 291 4408 dimus
307 4338 420 4427 qualis
443 4337 596 4403 humana
616 4336 661 4402 sit
679 4337 927 4425 spontaneilas.
947 4334 1125 4425 Quidquid
1145 4337 1238 4403 enim
1260 4338 1316 4418 sit,
