2964 4988
188 382 222 434 84
455 383 500 436 uu
527 383 720 438 LlllEltThTE
744 383 839 438 APUD
865 384 1067 438 LElBNlTlUM

228 533 433 621 Appetitum
467 533 559 600 enim
587 533 784 600 Leibnitius
813 533 900 600 dixit
925 533 1141 600 tendentiam
1173 532 1335 601 Monadis

184 669 260 736 quae
284 649 496 737 perceptioni
519 648 657 716 cuidam
676 649 781 716 aliam
808 649 1017 716 substituere
1046 654 1222 716 conetur¹.
1244 648 1331 714 Eam

182 784 285 851 porro
301 764 503 851 opinionem
523 765 672 853 acceptis
689 765 762 831 suis
778 764 962 831 sententiis
978 785 1049 830 non
1064 763 1194 831 habere
1216 763 1331 830 mani-

181 877 268 944 festo
285 878 502 947 nullomodo
519 885 665 968 poterat.
682 880 819 946 Etenim
837 902 917 947 cum
942 880 1061 946 Menas
1087 901 1234 969 quaeque
1253 901 1330 946 om-

180 993 281 1060 nium
301 1016 418 1061 rerum
441 995 478 1061 in
505 996 639 1062 unitate
665 996 814 1085 quadam
840 995 1016 1085 perceptio
1041 995 1097 1075 sit,
1122 1000 1226 1083 atque
1259 994 1327 1061 dici

179 1108 289 1196 possit
311 1137 326 1170 «
348 1131 416 1176 une
438 1132 505 1176 vue
535 1133 595 1176 sur
615 1109 782 1178 l’univers
796 1137 825 1194 »,
851 1133 928 1177 eam
950 1133 1021 1176 non
1044 1132 1119 1177 esse
1149 1114 1243 1198 patet
1260 1109 1327 1176 nisi

177 1224 363 1313 percipiat3
382 1247 462 1315 ergo
478 1231 623 1292 conatus
640 1226 728 1315 ejus,
748 1249 829 1293 cum
852 1226 984 1316 appetit
1004 1225 1148 1315 aliquid,
1172 1223 1215 1291 ad
1234 1223 1325 1291 nihil

177 1336 274 1406 aliud
307 1340 375 1406 nisi
413 1340 455 1408 ad
486 1340 687 1407 mutandam
723 1342 983 1431 perceptionem
1019 1339 1160 1408 tendere
1194 1344 1323 1428 potest;

177 1454 268 1542 quod
284 1455 434 1522 affirmat
454 1457 650 1523 Leibnitius
671 1479 752 1524 cum
765 1456 858 1523 nihil
873 1458 910 1523 in
925 1455 1072 1523 Monade
1088 1477 1225 1546 quaque
1249 1476 1324 1522 esse

175 1570 244 1635 nisi
261 1571 521 1660 perceptionem
546 1577 649 1660 atque
669 1573 862 1662 appetitum
881 1573 1069 1661 opinatur:
1087 1578 1127 1639 ut
1152 1569 1229 1659 ejus
1248 1570 1324 1658 ipsa

176 1685 281 1753 verba
312 1686 538 1754 referamus:
573 1715 588 1748 α
623 1710 686 1755 nec
714 1688 840 1755 dantur
870 1688 1039 1778 principia
1066 1685 1159 1754 unde
1188 1685 1323 1775 aliquid

177 1830 191 1861 α
219 1801 314 1868 aliud
337 1803 404 1890 peti
430 1804 558 1891 possit¹
575 1832 604 1869 ».
624 1804 716 1884 Quid
732 1805 839 1894 igitur
860 1805 928 1870 nisi
949 1826 1056 1870 novas
1079 1803 1321 1894 perceptiones

173 1916 293 1984 Mones
312 1923 514 2006 appeteret?
529 1920 626 1986 Hanc
642 1920 756 1986 dicere
768 1942 956 2006 possumus
972 1920 1044 1985 sive
1070 1938 1076 1984 :
1097 1945 1113 1978 <r
1130 1941 1179 1985 un
1195 1918 1320 2006 simple

173 2032 293 2098 miroir
306 2033 347 2099 de
361 2032 541 2116 l'univers,
561 2061 576 2095 »
595 2035 683 2100 sive:
701 2062 716 2095 «
733 2058 781 2100 un
796 2035 893 2122 point
905 2033 947 2100 de
961 2034 1176 2124 perception,
1195 2061 1211 2095 »
1225 2033 1317 2100 sive:

173 2176 189 2208 a
212 2170 281 2214 une
299 2149 408 2236 partie
422 2149 528 2215 totale
543 2172 577 2232 »3
597 2149 687 2215 nihil
701 2171 783 2239 ergo
799 2155 962 2239 appetere
979 2154 1091 2238 potest
1104 2149 1173 2216 nisi
1189 2155 1229 2217 ut
1243 2145 1338 2216 haec'

171 2262 276 2330 simul
290 2264 409 2331 omnia
425 2286 561 2354 semper
577 2287 652 2332 esse
664 2271 797 2354 pergat,
815 2264 875 2332 sed
890 2266 959 2333 alio
971 2265 1087 2333 modo.
1107 2265 1163 2333 Sic
1179 2286 1318 2354 percep-

170 2380 271 2466 tione}
283 2381 475 2470 appetitum
492 2382 609 2470 ipsum
626 2381 760 2450 involvi
784 2381 1019 2450 confitendum
1043 2388 1105 2465 est,
1129 2385 1158 2450 si
1174 2381 1317 2472 quidem

169 2495 259 2562 nihil
274 2502 326 2563 est
345 2497 519 2586 appetitus
536 2497 605 2563 nisi
627 2502 802 2564 certarum
824 2500 1088 2588 perceptionum
1110 2505 1256 2566 conatus
1277 2502 1317 2564 ut

169 2616 361 2679 mutentur.
377 2612 476 2694 Quod
491 2613 663 2703 significat
678 2612 733 2679 his
745 2611 860 2680 verbis
876 2613 1071 2681 Leibnitius
1091 2634 1097 2680 :
1117 2643 1132 2676 «
1150 2613 1316 2681 Monades

171 2754 186 2787 α
209 2750 321 2816 perse
338 2729 465 2795 activas
481 2751 645 2818 agnosce,
662 2729 699 2795 in
720 2729 849 2818 quibus
865 2730 971 2796 etiam
983 2735 1107 2818 praeter
1123 2731 1315 2820 perceptio-

170 2872 185 2904 «
213 2866 294 2910 nem
306 2866 380 2933 qnae
394 2844 564 2911 actionem
574 2845 694 2934 utique
707 2844 851 2911 involvit
866 2845 1023 2936 intellegi
1036 2845 1127 2912 nihil
1142 2852 1281 2935 potest⁸.
1298 2873 1314 2908 »

168 2958 257 3025 Nam
271 2983 365 3043 cum,
382 2959 564 3026 abstractis
580 2959 873 3050 perceptionibus,
892 2960 1033 3038 nihilin
1046 2962 1192 3029 Monade
1204 2985 1317 3029 rema·
1371 3024 1373 3029 .

167 3080 259 3157 neat,
278 3076 351 3163 ipse
365 3076 539 3165 appetitus
555 3076 743 3144 evanescit.

212 3191 318 3258 Porro
333 3215 404 3259 non
420 3197 558 3259 tantum
573 3192 748 3281 appetitus
763 3193 1043 3281 perceptionum,
1061 3199 1101 3260 ut
1120 3194 1198 3259 arte
1213 3193 1308 3276 fiant,

166 3313 311 3374 conatus
328 3313 391 3390 est,
410 3307 470 3374 sed
490 3308 595 3374 etiam
611 3309 835 3398 confusarum
853 3315 891 3373 ut
907 3308 1076 3374 distinctae
1100 3307 1308 3373 efficiantur.

210 3423 369 3514 Namque
396 3423 562 3491 Monades
584 3428 623 3490 ut
650 3424 693 3490 ad
714 3422 891 3489 infinitum
922 3427 1043 3510 sponte
1069 3444 1131 3487 sua
1156 3420 1308 3502 tendere,

165 3538 213 3603 ita
245 3538 506 3628 impedimentis
535 3543 673 3605 tantum
703 3538 875 3605 contineri
899 3535 1093 3604 Leibnitius
1122 3537 1308 3603 existimat.

166 3653 315 3721 Omnem
332 3652 516 3720 Monadem
537 3676 708 3742 suspenso
728 3653 826 3743 gravi
840 3650 895 3720 vel
911 3653 1093 3719 incurvato
1114 3653 1210 3720 arcui
1225 3653 1311 3718 assi-

164 3768 285 3852 milat;
304 3768 432 3835 etenim
457 3772 508 3849 ut,
527 3767 663 3835 sublato
688 3767 952 3858 impedimento,
971 3790 1181 3858 suspensum
1205 3790 1310 3858 grave

164 3887 255 3954 cadit
271 3891 304 3953 et
320 3890 435 3953 rectus
452 3884 491 3951 tit
505 3906 617 3968 arcus,
636 3884 685 3952 sic
700 3884 832 3964 Menas,
851 3884 879 3949 si
898 3892 1146 3953 amoverentur
1162 3885 1305 3974 objiceS,

196 4140 217 4185 l.
238 4138 281 4186 Pr.
298 4137 330 4185 de
345 4136 373 4186 lo
387 4140 486 4186 nature
500 4140 525 4186 et
545 4136 577 4184 de
592 4134 620 4184 te
634 4135 720 4199 pretce.
735 4135 812 4184 Gerh.
827 4136 845 4184 t.
857 4135 900 4197 Vl,
913 4149 937 4198 p.
954 4136 1006 4185 598.
1025 4136 1101 4185 t'orr.
1113 4136 1308 4186 oveclteorcuct.

163 4218 285 4279 Gerh.,t.
298 4217 343 4277 lll,
359 4233 383 4279 p.
397 4219 451 4266 622.

193 4298 216 4345 2.
232 4297 306 4346 Corr.
321 4311 382 4346 avec
399 4297 557 4346 desuesces.
572 4296 661 4356 Gerh.,
674 4299 693 4345 t.
706 4294 739 4355 ll,
753 4309 778 4358 p.
793 4297 836 4343 481
853 4295 944 4358 (1Ί13).

193 4380 216 4425 3.
232 4377 295 4426 leid.
312 4378 343 4425 de
362 4376 465 4426 Votder.
481 4377 569 4436 Gerh.,
585 4378 604 4425 t.
620 4377 651 4427 11.
671 4390 694 4438 ρ.
709 4377 754 4423 256
767 4376 856 4436 (1103).
